@book{1997 websterdesign,
  title={Design of pulse oximeters},
  author={Webster, John G},
	Edition={1},
  year={October 23 1997},
  publisher={CRC Press},
	ISBN= {9780750304672},
	Pg no={section 9.3 pg 129-130}
}


@book{webster1997design,
  title={Design of pulse oximeters},
  author={Webster, John G},
	Edition={1},
  year={October 23 1997},
  publisher={CRC Press},
	ISBN= {9780750304672}
}

@online{Reference1,
	Author = {D. Adams},
	Title = {The History of Mobile Operating Systems [Infographic]},
	Publisher = {Bit Rebels},
	Month = {7},
	Year = {2011},
	Url = {http://www.bitrebels.com/technology/the-history-of-mobile-operating-systems-infographic/},
	addendum = "(accessed: 31.05.2018)"
	}
@article{cook2006low,
  title={Low-power 2.4-GHz transceiver with passive RX front-end and 400-mV supply},
  author={Cook, Ben W and Berny, Axel and Molnar, Alyosha and Lanzisera, Steven and Pister, Kristofer SJ},
  journal={IEEE Journal of Solid-State Circuits},
  volume={41},
  number={12},
  pages={2757--2766},
  year={2006},
  publisher={IEEE}
}

@article{Dunkels2011,
abstract = {Low-power wireless devices must keep their radio transceivers off as much as possible to reach a low power consumption, but must wake up often enough to be able to receive communication from their neighbors. This report describes the ContikiMAC radio duty cycling mechanism, the default radio duty cycling mechanism in Contiki 2.5, which uses a power efficient wake-up mechanism with a set of timing constraints to allow device to keep their transceivers off. With ContikiMAC, nodes can participate in network communication yet keep their radios turned off for roughly 99\% of the time. This report describes the ContikiMAC mechanism, measures the energy consumption of individual ContikiMAC operations, and evaluates the efficiency of the fast sleep and phase-lock optimizations.},
author = {Dunkels, Adam},
file = {:home/prithvi/BLEThesisDocuments/AcadPapers/Dunkels - 2011 - The ContikiMAC Radio Duty Cycling Protocol.pdf:pdf},
month = dec,
publisher = {Swedish Institute of Computer Science},
title = {{The ContikiMAC Radio Duty Cycling Protocol}},
url = {http://soda.swedish-ict.se/5128/1/contikimac-report.pdf},
year = {2011}
}

@misc{rfd900,
       title={RFD900 Radio Modem Data Sheet},
       author={RFDesign},
       year={2013},
       publisher={RFDesign},
       url={http://files.rfdesign.com.au/Files/documents/RFD900\%20DataSheet.pdf}
       }

@misc{spectrumvegadebacle,
  title={ZX Spectrum Vega Plus backers complain of months-long refund delays},
  publisher={The Register},
  year={2017},
  url={https://www.theregister.co.uk/2017/03/29/retro_computer_ltd_vega_plus_refunds/}
}


@book{adams1979hitchhiker,
    author = "Adams, Douglas",
    title = "The Hitchhiker's Guide to the Galaxy",
    publisher = "Pocket Books",
    year = "1979",
    isbn = {0-671-46149-4}
}

@book{toyotalean,
    author={Liker, Jeffrey},
    year={2003},
    title={The Toyota Way: 14 Management Principles from the World's Greatest Manufacturer, First edition},
    publisher={McGraw-Hill},
    isbn={0-07-139231-9}
    }

@misc{potatosaladkickstarter,
    title={Potato Salad, kickstarter campaign},
    year={2014},
    url={https://www.kickstarter.com/projects/zackdangerbrown/potato-salad}
    }

@misc{potatosaladkickstarter2,
    title={\$55,000 ``jok'' potato salad Kickstarter concludes with party, large donations to charity},
    year={2014},
    author={Kuchera, Ben},
    url={https://www.polygon.com/2014/9/30/6872423/potato-salad-kickstarter-party-columbus}
    }

@book{peacelovepotatosalad,
    title={The Peace, Love and Potato Salad Cook Book},
    year={2016},
    author={Brown Zack and Blackburn, Teresa},
    publisher={Springhouse Press},
    isbn={978-1940611389}
    }

@misc{combatkitchenware,
    title={Combat Kitchenware},
    year={2013},
    author={Brown, James},
    url={https://www.kickstarter.com/projects/1901693996/combat-kitchenware}
    }

@misc{beardmasks,
   url={https://www.kickstarter.com/projects/5oclockshadow/5-oclock-shadow?ref=category},
   author={Rushton, Tessa},
   title={5 O'clock Shadow},
   year={2012}
   }

@misc{lesscarmorego,
   url={https://www.kickstarter.com/projects/1887563980/less-car-more-go-the-cargo-bike-documentary},
   author={Canning, Liz},
   title={LESS CAR MORE GO: the cargo bike documentary},
   year={2014},
   }
   
@misc{ostrichpillow,
   url={https://www.kickstarter.com/projects/ostrich-pillow/ostrich-pillow},
   title={Ostrich Pillow},
   year={2012},
   author={StudioBananaThings}
   }

@misc{illumibowl,
   url={https://www.kickstarter.com/projects/1585372093/illumibowl-2-toilet-night-light-sharktank-upgrade},
   title={IllumiBowl 2.0: Toilet Night Light (Shark Tank Upgrade)},
   year={2016},
   author={Matt}
   }

@misc{MIL-STD-188-141B,
  url={http://hflink.com/standards/ALE_standard_188_141B.pdf},
  title={MIL-STD-188-141B: Interoperability and performance standards for medium and high frequency radio systems},
  author={United States Department of Defence},
  year={1999}
  }

@misc{pe16,
url={https://www.defense.gov/News/Article/Article/922056/pacific-endeavor-exercise-tests-new-communications-capability/},
title={Pacific Endeavor Exercise Tests New Communications Capability},
author={Air Force Master Sgt. Todd Kabalan},
year={2016}
}

@misc{avgsmslength,
  url={https://www.quora.com/What-is-the-average-length-of-an-SMS},
  year={2014},
  author={Cas Schalkx},
  title={What is the average length of an SMS?}
  }

@misc{torres,
url={http://dailypost.vu/news/torres-islands-get-supplies/article_b63d269f-ff96-58da-b40f-686929d2a86d.html},
year={2017},
author={Glenda Willie},
title={Torres Islands Get Supplies}
}

@inproceedings{klingler2015ieee,
  title={IEEE 802.11 p unicast considered harmful},
  author={Klingler, Florian and Dressler, Falko and Sommer, Christoph},
  booktitle={Vehicular Networking Conference (VNC), 2015 IEEE},
  pages={76--83},
  year={2015},
  organization={IEEE}
}

@article{richards59,
    author = {Richards, F. J.},
    citeulike-article-id = {531464},
    journal = {Journal of Experimental Botany},
    keywords = {curve-fitting, s-curve},
    number = {29},
    pages = {290--300},
    posted-at = {2006-03-06 15:21:50},
    priority = {3},
    title = {{A Flexible Growth Function for Empirical Use}},
    volume = {10},
    year = {1959}
}

@misc{ausdemographics2016,
   url={http://www.abs.gov.au/ausstats/abs@.nsf/mf/3101.0},
   title={3101.0 - Australian Demographic Statistics, Sep 2016},
   year={2016},
   author={Australian Bureau of Statistics}
   }

@misc{austsunamirisk,
  url={https://theconversation.com/making-waves-the-tsunami-risk-in-australia-60623},
  title={Making waves: the tsunami risk in Australia},
  year={2016},
  author={Power, Hannah and Wilson, Olivia}
  }

@article{sinadinovski2006historical,
  title={Historical earthquakes: a case study for Adelaide 1954 earthquake},
  author={Sinadinovski, Cvetan and Greenhalgh, Stewart and Love, David},
  year={2006},
  publisher={Australian Earthquake Engineering Society}
}

@article{greenhalgh1988seismicity,
  title={The seismicity of the Adelaide Geosyncline, South Australia},
  author={Greenhalgh, SA and Singh, R},
  journal={Bulletin of the Seismological Society of America},
  volume={78},
  number={1},
  pages={243--263},
  year={1988},
  publisher={Seismological Society of America}
}

@article{moon2014demise,
  title={The demise of the URM building stock in Christchurch during the 2010--2011 Canterbury earthquake sequence},
  author={Moon, Lisa and Dizhur, Dmytro and Senaldi, Ilaria and Derakhshan, Hossein and Griffith, Michael and Magenes, Guido and Ingham, Jason},
  journal={Earthquake Spectra},
  volume={30},
  number={1},
  pages={253--276},
  year={2014},
  publisher={Earthquake Engineering Research Institute}
}

@misc{urmcanterburyrc,
title={The Performance of Unreinforced Masonry Buildings in the 2010/2011 Canterbury Earthquake Swarm},
author={Ingham, Jason and Griffith, Michael},
year={2011},
url={http://canterbury.royalcommission.govt.nz/documents-by-key/20110920.46/$file/ENG.ACA.0001F.pdf}
}

@misc{satornadoes,
title={Seven tornadoes hit SA on day of massive blackout: Bureau of Meteorology report},
url={http://www.adelaidenow.com.au/news/south-australia/seven- tornadoes-hit-sa-on-day-of-massive-blackout-bureau-of-meteorology- report/news-story/e888d155c01b910778132d68e93c9d6a?nk=2cbf1c65ea5ab94a9ae2f513bff347c8-1498147632},
author={Henson, Elizabeth},
year={2016}
}

@inproceedings{kongsiriwattana2016smart,
  title={Smart-phone battery-life short-fall in disaster response: Quantifying the gap},
  author={Kongsiriwattana, Watcharachai and Gardner-Stephen, Paul},
  booktitle={Global Humanitarian Technology Conference (GHTC), 2016},
  pages={220--225},
  year={2016},
  organization={IEEE}
}

@inproceedings{kongsiriwattana2016exploration,
  title={The exploration of alternative phone charging strategies for disaster or emergency situations},
  author={Kongsiriwattana, Watcharachai and Gardner-Stephen, Paul},
  booktitle={Global Humanitarian Technology Conference (GHTC), 2016},
  pages={233--240},
  year={2016},
  organization={IEEE}
}

@misc{saambulancecallouts,
 title={SA Ambulance Service reported ambulance incidents by priority},
 url={https://data.sa.gov.au/data/dataset/sa-ambulance-service-reported-ambulance-incidents-by-priority},
 author={Government of South Australia},
 year={2016}
 }

@article{welton2017injury,
  title={Injury trends from envenoming in Australia, 2000--2013},
  author={Welton, Ronelle E and Williams, David J and Liew, Danny},
  journal={Internal medicine journal},
  volume={47},
  number={2},
  pages={170--176},
  year={2017},
  publisher={Wiley Online Library}
}

@article{caldicott2005crocodile,
  title={Crocodile attack in Australia: an analysis of its incidence and review of the pathology and management of crocodilian attacks in general},
  author={Caldicott, David GE and Croser, David and Manolis, Charlie and Webb, Grahame and Britton, Adam},
  journal={Wilderness \& environmental medicine},
  volume={16},
  number={3},
  pages={143--159},
  year={2005},
  publisher={BioOne}
}

@article{west2011changing,
  title={Changing patterns of shark attacks in Australian waters},
  author={West, John G},
  journal={Marine and Freshwater Research},
  volume={62},
  number={6},
  pages={744--754},
  year={2011},
  publisher={CSIRO}
}

@misc{cyclonedebbie,
url={http://www.abc.net.au/news/2017-04-24/cyclone-debbie-cost-repair-bill-curits-pitt-state-budget/8466192},
year={2017},
author={Tapim, Francis}
}

@misc{satixfy,
url={http://www.satixfy.com/dream-sub-100-vsat-getting-closer-reality},
title={The Dream of Sub \$100 VSAT Is Getting Closer To Reality},
year={2015},
author={SatixFy UK Ltd.}
}

@article{okal1988seismic,
  title={Seismic parameters controlling far-field tsunami amplitudes: a review},
  author={Okal, Emile A},
  journal={Natural Hazards},
  volume={1},
  number={1},
  pages={67--96},
  year={1988},
  publisher={Springer}
}

@article{bryant2001tsunami,
  title={Tsunami},
  author={Bryant, Edward},
  journal={The underrated hazard. New York},
  year={2001},
  publisher={Springer}
}

@article{tang2008tsunami,
  title={Tsunami forecast analysis for the May 2006 Tonga tsunami},
  author={Tang, L and Titov, VV and Wei, Y and Mofjeld, HO and Spillane, M and Arcas, D and Bernard, EN and Chamberlin, C and Gica, E and Newman, J},
  journal={Journal of Geophysical Research: Oceans},
  volume={113},
  number={C12},
  year={2008},
  publisher={Wiley Online Library}
}

@article{hudson1972local,
  title={Local distribution of strong earthquake ground motions},
  author={Hudson, Donald E},
  journal={Bulletin of the Seismological Society of America},
  volume={62},
  number={6},
  pages={1765--1786},
  year={1972},
  publisher={Seismological Society of America}
}

@article{borcherdt1992characteristics,
  title={On the characteristics of local geology and their influence on ground motions generated by the Loma Prieta earthquake in the San Francisco Bay region, California},
  author={Borcherdt, Roger D and Glassmoyer, Gary},
  journal={Bulletin of the seismological society of America},
  volume={82},
  number={2},
  pages={603--641},
  year={1992},
  publisher={Seismological Society of America}
}

@article{mucciarelli1998quick,
  title={A quick survey of local amplifications and their correlation with damage observed during the Umbro-Marchesan (Italy) earthquake of September 26, 1997},
  author={MUCCIARELLI, MARCO and MONACHESI, GIANCARLO},
  journal={Journal of Earthquake Engineering},
  volume={2},
  number={02},
  pages={325--337},
  year={1998},
  publisher={World Scientific}
}

@article{kuruppu2011mental,
  title={Mental preparation for climate adaptation: The role of cognition and culture in enhancing adaptive capacity of water management in Kiribati},
  author={Kuruppu, Natasha and Liverman, Diana},
  journal={Global Environmental Change},
  volume={21},
  number={2},
  pages={657--669},
  year={2011},
  publisher={Elsevier}
}

@article{dolan2006understanding,
  title={Understanding vulnerability of coastal communities to climate change related risks},
  author={Dolan, A Holly and Walker, IJ},
  journal={Journal of Coastal Research},
  pages={1316--1323},
  year={2006},
  publisher={JSTOR}
}

@article{davidson2007truths,
  title={Truths and myths about community participation in post-disaster housing projects},
  author={Davidson, Colin H and Johnson, Cassidy and Lizarralde, Gonzalo and Dikmen, Nese and Sliwinski, Alicia},
  journal={Habitat International},
  volume={31},
  number={1},
  pages={100--115},
  year={2007},
  publisher={Elsevier}
}

@article{christoplos2001re,
  title={Re-framing risk: The changing context of disaster mitigation and preparedness},
  author={Christoplos, Ian and Mitchell, John and Liljelund, Anna},
  journal={Disasters},
  volume={25},
  number={3},
  pages={185--198},
  year={2001},
  publisher={Wiley Online Library}
}

@article{hayles2010examination,
  title={An examination of decision making in post disaster housing reconstruction},
  author={Hayles, Carolyn S},
  journal={International Journal of Disaster Resilience in the Built Environment},
  volume={1},
  number={1},
  pages={103--122},
  year={2010},
  publisher={Emerald Group Publishing Limited}
}

@misc{worldriskreport2014,
  title={WorldRiskReport 2014},
  year={2014},
  url={https://i.unu.edu/media/ehs.unu.edu/news/4070/11895.pdf},
  author={Bündnis Entwicklung Hilft (Alliance Development Works}}
}

@misc{etccluster,
  title={Emergency Telecommunications Cluster},
  url={https://www.etcluster.org/about-etc},
  author={{United Nations} {World Food Programme}}
}

@misc{etc2016samoa,
  title={Regional ETC Workshop for the Pacific},
  year={2016},
  url={https://www.etcluster.org/photogallery/regional-etc-workshop-pacific},
  author={Emergency Telecommunications Cluster}
}

@misc{vanuatu-uap,
  title={Telecommunications And Radiocommunications Regulation Act
No. 30 Of 2009},
  year={2009},
  author={Government of Vanuatu},
  url={http://www.paclii.org/vu/legis/num_act/tarra2009539.rtf}
}

@misc{phc,
  url={http://pacifichumanitarianchallenge.org/},
  year={2015},
  author={Australian Department of Foreign Affairs and Trade},
  totle={Pacific Humanitarian Challenge}
}

@misc{phcwinners,
  url={http://foreignminister.gov.au/releases/Pages/2016/jb_mr_160506d.aspx},
  year={2016},
  title={Winners of the Pacific Humanitarian Challenge},
  author={The Hon Julie Bishop MP}
}






@article{doi:10.1080/03081060701599920,
author = { Sangho   Choo  and  Taihyeong   Lee  and  Patricia L.   Mokhtarian },
title = {Relationships Between US Consumer Expenditures on Communications and Transportation Using Almost Ideal Demand System Modeling: 1984–2002},
journal = {Transportation Planning and Technology},
volume = {30},
number = {5},
pages = {431-453},
year = {2007},
doi = {10.1080/03081060701599920},

URL = { 
        http://dx.doi.org/10.1080/03081060701599920
    
},
eprint = { 
        http://dx.doi.org/10.1080/03081060701599920
    
}

}

@article{oliver2014information,
  title={Information Technology and Transportation: Substitutes or Complements?},
  author={Oliver, Atara Stephanie},
  year={2014}
}

@article{kuson2012household,
  title={Household determinants of poverty in Savannakhet, Laos: Binary choice model approach},
  author={Kuson, Siwarat and Sriboonchitta, Songsak and Calkins, Peter and others},
  journal={The Empirical Econometrics and Quantitative Economics Letters},
  volume={1},
  number={3},
  pages={33--52},
  year={2012},
  publisher={Faculty of Economics, Chiang Mai University}
}


@article{pollanen2009demographic,
  title={Demographic analysis for consumer spend in communications},
  author={P{\"o}ll{\"a}nen, Ossi and Eloranta, Lauri},
  journal={info},
  volume={11},
  number={3},
  pages={97--106},
  year={2009},
  publisher={Emerald Group Publishing Limited}
}

@misc{servalmeshapp,
  url={https://play.google.com/store/apps/details?id=org.servalproject},
  title={The Serval Mesh},
  year={2016},
  author={Serval Project}
}

@misc{servalchatapp,
  url={https://play.google.com/store/apps/details?id=org.servalproject.servalchat},
  title={Serval Chat (Unreleased)},
  year={2017},
  author={Serval Project}
}

@techreport{ipratings,
type = {Standard},
key = {ANSI / IEC 60509:2004},
title = {{Degrees of Protection Provided by Enclosures (IP Code)
(identical national adoption) }},
institution = {National Electrical Manufacturers Association},
url={https://www.nema.org/Standards/ComplimentaryDocuments/ANSI-IEC-60529.pdf}
}

@misc{facebook2billion,
title={Facebook now has 2 billion monthly users… and responsibility},
url={https://techcrunch.com/2017/06/27/facebook-2-billion-users/},
author={Josh Constine},
year={2017}
}

@misc{scuttlebutt,
  title={Database protocol for unforgeable append-only message feeds},
  url={https://scuttlebot.io/more/protocols/secure-scuttlebutt.html},
  note={Accessed: 2017-08-14}
}

@article{bland2014firechat,
  title={FireChat--The messaging app that’s powering the Hong Kong protests},
  author={Bland, Archie},
  journal={The Guardian},
  volume={29},
  year={2014}
}

@article{wired2014firechat,
  title={Protesters adore FireChat but it's still not secure},
  author={Baraniuk, Chris},
  journal={Wired},
  year={2014}
}

@misc{firechatsecurity,
  title={FireChat launches new offline private messaging option},
  url={http://www.bbc.com/news/technology-33718318},
  author={Brittish Broadcasting Corporation},
  year={2015}
  }

@article{hansen2015zukunft,
  title={Zukunft von Datenschutz und Privatsph{\"a}re in einer mobilen Welt},
  author={Hansen, Marit},
  journal={Datenschutz und Datensicherheit-DuD},
  volume={39},
  number={7},
  pages={435--439},
  year={2015},
  publisher={Springer}
}

@misc{gilgamesh,
url={https://lists.mayfirst.org/pipermail/guardian-dev/2014-October/003866.html},
title={[guardian-dev] GilgaMesh (was Re: FireChat moved off iOS proprietary mesh to their own xp mesh protocol?)},
author={Chris Ballinger et al},
year={2014}
}

@misc{vanuatu,
url={http://dfat.gov.au/geo/vanuatu/pages/vanuatu.aspx},
title={Vanuatu},
year={2017},
author={Government of Australia}
}

@misc{questionbox,
  url={http://www.questionbox.org/},
  year={2017},
  author={Open Mind},
  title={Question Box, a project by Open Mind}
  }

@misc{androidheadsetjack,
  url={https://source.android.com/devices/accessories/headset/plug-headset-spec},
  title={3.5 mm Headset: Accessory Specification},
  year={2017},
  author={The Android Open Source Project}
  }

@book{eng2010mountaineering,
  title={Mountaineering: The freedom of the hills},
  author={Eng, Ronald C and Van Pelt, Julie and others},
  year={2010},
  publisher={Mountaineers Books}
}

@misc{autopoweron,
  url={https://android.stackexchange.com/questions/20021/automatically-power-on-android-when-the-charger-is-connected},
  title={Automatically power on Android when the charger is connected},
  year={2015},
  author={Stack Exchange Inc}
}

@misc{qb2software,
 url={https://github.com/gardners/questionbox2-call-manager},
 title={Question Box 2.0 Call Manager Prototype},
 year={2017}
}

@misc{rc5325a,
  url={http://www.jeita.or.jp/japanese/standard/book/RC-5325A/},
  title={4-Pole miniature concentric plugs and jacks},
  author={Japan Electronics and Information Technology Industries Association},
  year={2004}
}

@book{communicationakey,
url={http://www.fao.org/docrep/t1815e/t1815e01.htm},
title={COMMUNICATION a key to human development},
year={1994},
author={Colin Fraser and Jonathan Villet},
publisher={Food and Agriculture Organisation of the United Nations}
}

@misc{poverty,
url={https://www.cfr.org/blog/poverty-inequality-and-development?cid=partner_site-devex},
title={Poverty, Inequality and Development},
year={2013},
author={Terra Lawson-Remer},
publisher={Council on Foreign Relations}
}

@misc{commshumanright,
url={https://blog.usaid.gov/2013/01/communication-is-aid-old-and-new-technologies-make-aid-more-effective/},
year={2013},
title={Communication is Aid: Old and New Technologies Make Aid More Effective},
author={Anne-Marie Schryer-Roy}
}

@inproceedings{dodson2013minding,
  title={Minding the gaps: Cultural, technical and gender-based barriers to mobile use in oral-language Berber communities in Morocco},
  author={Dodson, Leslie L and Sterling, S and Bennett, John K},
  booktitle={Proceedings of the Sixth International Conference on Information and Communication Technologies and Development: Full Papers-Volume 1},
  pages={79--88},
  year={2013},
  organization={ACM}
}

@misc{gsmagendergap,
url={https://www.gsma.com/mobilefordevelopment/wp-content/uploads/2016/02/Connected-Women-Gender-Gap.pdf},
year={2016},
title={Bridging the gender gap: Mobile access and usage in low and middle-income countries},
author={GSMA}
}
 

@misc{qbcallcentre,
url={http://www.telegraph.co.uk/technology/3356881/An-Indian-call-centre-that-works.html},
year={2008},
title={An Indian call centre that works},
author={Peter Lyle},
publisher={The Telegraph}
}

@misc{illiteracy,
url={http://uis.unesco.org/sites/default/files/documents/fs38-50th-anniversary-of-international-literacy-day-literacy-rates-are- on-the-rise-but-millions-remain-illiterate-2016-en.pdf},
year={2016},
title={50TH ANNIVERSARY OF INTERNATIONAL
LITERACY DAY: Literacy rates are on the rise
but millions remain illiterate},
author={United Nations Educational, Scientific and Cultural Organization}
}

@misc{groundwavehf,
  url={https://www.electronics-notes.com/articles/antennas-propagation/ground-wave/basics-tutorial.php},
  title={Ground Wave Propagation Tutorial},
  author={electronicsnotes}
}

@inproceedings{barrick2003history,
  title={History, present status, and future directions of HF surface-wave radars in the US},
  author={Barrick, Don},
  booktitle={Radar Conference, 2003. Proceedings of the International},
  pages={652--655},
  year={2003},
  organization={IEEE}
}

@article{norton1936propagation,
  title={The propagation of radio waves over the surface of the earth and in the upper atmosphere},
  author={Norton, KA},
  journal={Proceedings of the Institute of Radio Engineers},
  volume={24},
  number={10},
  pages={1367--1387},
  year={1936},
  publisher={IEEE}
}

@article{ephremides1987design,
  title={A design concept for reliable mobile radio networks with frequency hopping signaling},
  author={Ephremides, Anthony and Wieselthier, Jeffrey E and Baker, Dennis J},
  journal={Proceedings of the IEEE},
  volume={75},
  number={1},
  pages={56--73},
  year={1987},
  publisher={IEEE}
}

@book{seybold2005introduction,
  title={Introduction to RF propagation},
  author={Seybold, John S},
  year={2005},
  publisher={John Wiley \& Sons}
}

@misc{ergon,
   title={Ergon Energy},
   year={2017},
   url={https://www.ergon.com.au}
}

@article{RN1336,
   author = {Klinger, Chaamala and Landeg, Owen and Murray, Virginia},
   title = {Power Outages, Extreme Events and Health: a Systematic Review of the Literature from 2011-2012},
   journal = {PLoS Currents},
   volume = {6},
   pages = {ecurrents.dis.04eb1dc5e73dd1377e05a10e9edde673},
   ISSN = {2157-3999},
   DOI = {10.1371/currents.dis.04eb1dc5e73dd1377e05a10e9edde673},
   url = {http://www.ncbi.nlm.nih.gov/pmc/articles/PMC3879211/},
   year = {2014},
   type = {Journal Article}
}

@ARTICLE{1687814, 
author={P. Pourbeik and P. S. Kundur and C. W. Taylor}, 
journal={IEEE Power and Energy Magazine}, 
title={The anatomy of a power grid blackout - Root causes and dynamics of recent major blackouts}, 
year={2006}, 
volume={4}, 
number={5}, 
pages={22-29}, 
keywords={power grids;power system faults;power system reliability;power system security;catastrophic events;power delivery;power grid blackout;power system reliability;power system security;risk reduction;system dynamic performance;Anatomy;Cities and towns;Contracts;Hydraulic turbines;Power generation;Power grids;Power system dynamics;Power system protection;Power transmission lines;Transformers}, 
doi={10.1109/MPAE.2006.1687814}, 
ISSN={1540-7977}, 
month={Sept},}

@article{RN1337,
   author = {Krishnamurthy, V. and Kwasinski, A. and Dueñas-Osorio, L.},
   title = {Comparison of Power and Telecommunications Dependencies and Interdependencies in the 2011 Tohoku and 2010 Maule Earthquakes},
   journal = {Journal of Infrastructure Systems},
   year = {2016},
   type = {Journal Article}
}


@misc{RN1338,
   volume = {2017},
   number = {August, 1},
   url = {http://www.cleanegroup.org/power-outages-and-natural-disasters-which-ones-are-avoidable/},
   year = {2011},
   type = {Web Page}
}

@misc{RN1340,
   volume = {2017},
   number = {August, 1},
   url = {https://www.theguardian.com/world/2017/mar/31/natural-disaster-zones-declared-in-new-south- wales-in-wake-of-cyclone-debbie},
   year = {2017},
   type = {Web Page}
}

@misc{RN1341,
   volume = {2017},
   number = {August, 1},
   url = {http://www.abc.net.au/news/2016-09-28/sa-weather-south-australia-without-power-as-storm-hits/7885930},
   year = {2016},
   type = {Web Page}
}

@INPROCEEDINGS{6099777, 
author={A. Kwasinski}, 
booktitle={2011 IEEE 33rd International Telecommunications Energy Conference (INTELEC)}, 
title={Effects of notable natural disasters from 2005 to 2011 on telecommunications infrastructure: Lessons from on-site damage assessments}, 
year={2011}, 
pages={1-9}, 
keywords={disasters;distributed power generation;emergency power supply;emergency services;storms;telecommunication network management;telecommunication power supplies;tsunami;Chile earthquake;failure modes;field damage assessment;hurricane Gustav;hurricane Katrina;micro-grids;notable natural disasters;on-site damage assessment;photographic evidence;power supply availability;powering option;predominant restoration strategy;telecommunication infrastructure;tsunami;Tsunami;Communications Power Plants;Earthquakes;Failure Modes;Hurricanes;Lifelines;Natural Disasters;Power Availability;Power Conversion}, 
doi={10.1109/INTLEC.2011.6099777}, 
ISSN={0275-0473}, 
month={Oct},}

@article{functionalneeds,
author = { Jan ,  Sophia  and  Lurie ,  Nicole },
title = {Disaster Resilience and People with Functional Needs},
journal = {New England Journal of Medicine},
volume = {367},
number = {24},
pages = {2272-2273},
year = {2012},
doi = {10.1056/NEJMp1213492},
    note ={PMID: 23234513},

URL = { 
        http://dx.doi.org/10.1056/NEJMp1213492
    
},
eprint = { 
        http://dx.doi.org/10.1056/NEJMp1213492    
}
}

@article{Deb2012CoordinatingDR,
  title={Coordinating disaster relief operations using smart phone/PDA based peer-to-peer communication},
  author={Deb, Debanjan Das and Bose, Sagar and Bandyopadhyay, Somprakash},
  journal={International Journal of Wireless \& Mobile Networks},
  volume={4},
  number={6},
  pages={27},
  year={2012},
  publisher={Academy \& Industry Research Collaboration Center (AIRCC)}
}

@Inbook{Nguyen2016,
author="Nguyen, Duy Tai
and Vu, Pham Tran
and Minh, Quang Tran",
editor="Kr{\'o}l, Dariusz
and Madeyski, Lech
and Nguyen, Ngoc Thanh",
title="Peer to Peer Social Network for Disaster Recovery",
bookTitle="Recent Developments in Intelligent Information and Database Systems",
year="2016",
publisher="Springer International Publishing",
address="Cham",
pages="123--132",
abstract="Keeping people connected even in a severe condition when main parts of communication infrastructures are destroyed by disasters is essential to loss mitigation and emergency relief. It is hard, however, to quickly recover communication infrastructures due to many difficulties on available resources such as time, equipment, man-power and so forth. This paper proposes a practical solution thereby victims in the disaster areas can easily connect with each other to share their safety status via the means of a social network, namely the peer to peer social network for disaster recovery (P2PSNDR). The P2PSNDR is designed so that it can feasibly run on top of a mobile multihop ad hoc network established on demand utilizing the beacon stuffing mechanism. This approach does not require additional hardware such as network interface cards (NICs). Instead, it leverages the available WiFi NIC on the mobile devices to listen the data embedded in the beacon frames sent by the neighbor nodes. As nodes can deal with the received messages by appropriately forwarding messages to the intended destination, multihop communication is established extending the communication coverage. The feasibility of the proposed network has been validated via simulations with various scenarios. The results reveal that the network can work properly with maximum 250 nodes which is large enough for common disaster recovery situations.",
isbn="978-3-319-31277-4",
doi="10.1007/978-3-319-31277-4_11",
url="https://doi.org/10.1007/978-3-319-31277-4_11"
}

@incollection{Haddow201453,
title = "Chapter Four - Disaster Coverage Past and Present ",
editor = "George D. Haddow and Kim S. Haddow ",
booktitle = "Disaster Communications in a Changing Media World ",
publisher = "Butterworth-Heinemann",
edition = "Second",
address = "",
year = "2014",
pages = "53 - 70",
isbn = "978-0-12-407868-0",
doi = "https://doi.org/10.1016/B978-0-12-407868-0.00004-5",
url = "http://www.sciencedirect.com/science/article/pii/B9780124078680000045",
author = "George D. Haddow and Kim S. Haddow",
keywords = "Twitter as the new newswire",
keywords = "social media and 911 calls",
keywords = "the use of smartphone apps in Hurricane Sandy",
keywords = "crowdsourcing",
keywords = "crisis mapping "
}


@incollection{Haddow2014155,
title = "Chapter Nine - Case Studies ",
editor = "George D. Haddow and Kim S. Haddow ",
booktitle = "Disaster Communications in a Changing Media World",
publisher = "Butterworth-Heinemann",
edition = "Second",
address = "",
year = "2014",
pages = "155 - 181",
isbn = "978-0-12-407868-0",
doi = "https://doi.org/10.1016/B978-0-12-407868-0.00009-4",
url = "http://www.sciencedirect.com/science/article/pii/B9780124078680000094",
author = "George D. Haddow and Kim S. Haddow",
keywords = "Twitter and the Boston Marathon bombings",
keywords = "social media mapping",
keywords = "Safecast.org",
keywords = "Ushahidi",
keywords = "the decline of newspapers",
keywords = "Red Cross Safe &amp; Well",
keywords = "Google People Finder "
}

@inproceedings{meissner2002design,   title={Design challenges for an integrated disaster management communication and information system},   author={Meissner, Andreas and Luckenbach, Thomas and Risse, Thomas and Kirste, Thomas and Kirchner, Holger} }

@INPROCEEDINGS{7297430, 
author={G. T. C. Gunaratna and P. V. N. M. Jayarathna and S. S. P. Sandamini and D. S. De Silva}, 
booktitle={2015 8th International Conference on Ubi-Media Computing (UMEDIA)}, 
title={Implementing wireless Adhoc networks for disaster relief communication}, 
year={2015}, 
pages={66-71}, 
keywords={ad hoc networks;computer centres;computer network reliability;disasters;emergency management;radio transceivers;smart phones;wireless LAN;Information exchange;Wi-Fi device node;catastrophic disaster;communication system failure;data center;disaster relief communication;disaster relief operation;disaster response;emergency communication;information gathering;post disaster situation;prototype system;rescue crews;rescue operation;smart phone;transceiver unit;wireless ad hoc network architecture;Ad hoc networks;IEEE 802.11 Standard;Peer-to-peer computing;Smart phones;Throughput;Transceivers;Wireless communication;Adhoc;Disaster;Node;Smart Devices;Wi-Fi}, 
doi={10.1109/UMEDIA.2015.7297430}, 
month={Aug},}


@misc{RN1343,
   volume = {1 August 2017},
  author={Patrick Meier},
   url={ https://irevolutions.org/2012/08/28/still-left-in-dark/},
   year = {2012}
}

@inproceedings{gultom2014crisis,   title={Crisis communication capacity for disaster resilience: Community participation of information providing and verifying in Indonesian volcanic eruption},   author={Gultom, Dwie Irmawaty and Joyce, Zita},   booktitle={12th Biennial Australian and New Zealand Third Sector Research Conference},   year={2014} }


@INPROCEEDINGS{5432918, 
author={M. Rosas-Casals}, 
booktitle={2010 Complexity in Engineering}, 
title={Power Grids as Complex Networks: Topology and Fragility}, 
year={2010}, 
pages={21-26}, 
keywords={power grids;power system faults;power system reliability;European transmission power grid;cable lines;complex networks;malfunctions analysis;substations;transformers;Complex networks;Control systems;Mesh generation;Network topology;Power generation;Power grids;Power system faults;Power system protection;Substations;Transformers;complex networks;dynamics;failures;power grid;probability distribution;structure}, 
doi={10.1109/COMPENG.2010.23}, 
month={Feb},}

@misc{RN1344,
   number = {1 August 2017},
   url = {https://www.nyu.edu/ccpr/pubs/NYU-DisasterCommunications1-Final.pdf},
   year = {2005},
   type = {Web Page}
}

@misc{outernet,
  url= {https://outernet.is/},
  title={Outernet multimedia broadcasting},
  year={2018},
  note={Accessed: 2018-06-07},
  type={Web Page}
  }

@misc{raspberrypi,
url={https://www.raspberrypi.org/},
title={Raspberry Pi: A small and affordable computer that you can use to learn programming},
note={Accessed: 2018-06-07},
type={Web Page}
}

@article{giovinazzi2017resilience,   title={RESILIENCE AND FRAGILITY OF THE TELECOMMUNICATION NETWORK TO SEISMIC EVENTS: EVIDENCE AFTER THE KAIK{\=O}URA (NEW ZEALAND) EARTHQUAKE},   author={Giovinazzi, Sonia and Austin, Andrew and Ruiter, Rob and Foster, Colin and Nayyerloo, Mostafa and Nair, Nirmal-Kumar and Wotherspoon, Liam},   journal={Bulletin of the New Zealand Society for Earthquake Engineering},   volume={50},   number={2},   year={2017} }


@INPROCEEDINGS{1274454, 
author={Ei Sun Oh}, 
booktitle={9th Asia-Pacific Conference on Communications (IEEE Cat. No.03EX732)}, 
title={Information and communication technology in the service of disaster mitigation and humanitarian relief}, 
year={2003}, 
volume={2}, 
pages={730-733 Vol.2}, 
keywords={disasters;information technology;telecommunication services;Information technology;International community;Tampere Convention Treaty;communication technology;disaster mitigation service;disaster recognition;emergency telecommunication;human suffering;humanitarian relief operation;man-made disaster;natural disaster;private sector;property damage;public sector;secured environment;technology development;telecommunications resource;Arm;Artificial satellites;Cities and towns;Communications technology;Earthquakes;Humans;Mobile communication;Modems;Sun;Telecommunications}, 
doi={10.1109/APCC.2003.1274454}, 
month={Sept},}

@INPROCEEDINGS{5357972, 
author={G. P. Perrucci and F. H. P. Fitzek and G. Sasso and W. Kellerer and J. Widmer}, 
booktitle={2009 European Wireless Conference}, 
title={On the impact of 2G and 3G network usage for mobile phones' battery life}, 
year={2009}, 
pages={255-259}, 
keywords={3G mobile communication;data communication;mobile handsets;2G network usage;3G network usage;mobile phone battery life;multimedia device;text messaging;voice communication;voice services;Batteries;Energy consumption;Energy measurement;Manufacturing;Mobile communication;Mobile handsets;Moore's Law;Social network services;Switches;Wireless LAN}, 
doi={10.1109/EW.2009.5357972}, 
month={May},}

@INPROCEEDINGS{7868425, 
author={G. D. Putra and A. R. Pratama and A. Lazovik and M. Aiello}, 
booktitle={2017 IEEE 7th Annual Computing and Communication Workshop and Conference (CCWC)}, 
title={Comparison of energy consumption in Wi-Fi and bluetooth communication in a Smart Building}, 
year={2017}, 
pages={1-6}, 
keywords={Bluetooth;buildings (structures);energy conservation;telecommunication power management;wireless LAN;Bluetooth communication;Bluetooth low energy;Wi-Fi;energy consumption;energy saving;smart building;Batteries;Bluetooth;Buildings;Energy consumption;IEEE 802.11 Standard;Mobile handsets;Servers}, 
doi={10.1109/CCWC.2017.7868425}, 
month={Jan},}

@inproceedings{zhao2005parma,
  title={PARMA: A PHY/MAC aware routing metric for ad-hoc wireless networks with multi-rate radios},
  author={Zhao, Suli and Wu, Zhibin and Acharya, Arup and Raychaudhuri, Dipankar},
  booktitle={World of Wireless Mobile and Multimedia Networks, 2005. WoWMoM 2005. Sixth IEEE International Symposium on a},
  pages={286--292},
  year={2005},
  organization={IEEE}
}

@article{zimmerman2004self,
  title={Self-discharge losses in lithium-ion cells},
  author={Zimmerman, Albert H},
  journal={IEEE Aerospace and Electronic Systems Magazine},
  volume={19},
  number={2},
  pages={19--24},
  year={2004},
  publisher={IEEE}
}

@article{oliveira2009influence,
  title={The influence of broadcast traffic on IEEE 802.11 DCF networks},
  author={Oliveira, Rodolfo and Bernardo, Luis and Pinto, Paulo},
  journal={Computer communications},
  volume={32},
  number={2},
  pages={439--452},
  year={2009},
  publisher={Elsevier}
}

@inproceedings{petajajarvi2015coverage,
  title={On the coverage of LPWANs: range evaluation and channel attenuation model for LoRa technology},
  author={Petajajarvi, Juha and Mikhaylov, Konstantin and Roivainen, Antti and Hanninen, Tuomo and Pettissalo, Marko},
  booktitle={ITS Telecommunications (ITST), 2015 14th International Conference on},
  pages={55--59},
  year={2015},
  organization={IEEE}
}


@misc{loraalliance,
url={https://lora-alliance.org/},
title={LoRa Alliance},
note={Accessed: 2018-06-07}
}

@inproceedings{bor2016lora,
  title={Do LoRa low-power wide-area networks scale?},
  author={Bor, Martin C and Roedig, Utz and Voigt, Thiemo and Alonso, Juan M},
  booktitle={Proceedings of the 19th ACM International Conference on Modeling, Analysis and Simulation of Wireless and Mobile Systems},
  pages={59--67},
  year={2016},
  organization={ACM}
}

@article{chen1993design,
  title={The design and evaluation of RAID 5 and parity striping disk array architectures},
  author={Chen, SZ and Towsley, Don},
  journal={Journal of Parallel and Distributed Computing},
  volume={17},
  number={1-2},
  pages={58--74},
  year={1993},
  publisher={Elsevier}
}

@misc{johnson1998raid,
  title={Raid-5 parity generation and data reconstruction},
  author={Johnson, Timothy J},
  year={1998},
  month=sep # "~8",
  publisher={Google Patents},
  note={US Patent 5,805,788}
}

@misc{sniaraid5,
title={Common RAID Disk Data Format Specification, Version 2.0 Revision 19},
author={Storage Networking Industry Association},
year={2009},
url={https://www.snia.org/sites/default/files/SNIA_DDF_Technical_Position_v2.0.pdf},
note={Accessed: 2018-06-07}
}

@misc{geosatlatency,
title={Geostationary satellite latency and time delay ms},
author={Satellite Signals},
year={2016},
url={http://www.satsig.net/latency.htm},
note={Accessed: 2018-06-20}
}

@article{bhat2014delivering,
  title={Delivering low latency video using TCP with network coding over wireless network},
  author={Bhat, Gokul and McNair, Janise},
  journal={International Journal of Computer Applications},
  volume={87},
  number={15},
  year={2014},
  publisher={Foundation of Computer Science}
}

@inproceedings{magli2009overview,
  title={An overview of network coding for multimedia streaming},
  author={Magli, Enrico and Frossard, Pascal},
  booktitle={Multimedia and Expo, 2009. ICME 2009. IEEE International Conference on},
  pages={1488--1491},
  year={2009},
  organization={IEEE}
}

@article{ahlswede2000network,
  title={Network information flow},
  author={Ahlswede, Rudolf and Cai, Ning and Li, S-YR and Yeung, Raymond W},
  journal={IEEE Transactions on information theory},
  volume={46},
  number={4},
  pages={1204--1216},
  year={2000},
  publisher={IEEE}
}

@article{moorhouse2002detailed,
  title={Detailed definitions and guidance for application of technology readiness levels},
  author={Moorhouse, David J},
  journal={Journal of Aircraft},
  volume={39},
  number={1},
  pages={190--192},
  year={2002}
}


@article{magnaye2010system,
  title={System development planning using readiness levels in a cost of development minimization model},
  author={Magnaye, Romulo B and Sauser, Brian J and Ramirez-Marquez, Jose E},
  journal={Systems Engineering},
  volume={13},
  number={4},
  pages={311--323},
  year={2010},
  publisher={Wiley Online Library}
}

@article{mankins2009technology,
  title={Technology readiness and risk assessments: A new approach},
  author={Mankins, John C},
  journal={Acta Astronautica},
  volume={65},
  number={9-10},
  pages={1208--1215},
  year={2009},
  publisher={Elsevier}
}

@inproceedings{al2017scalable,
  title={Scalable telecommunications over ultra-low-bandwidth radio backbones},
  author={Al-Nuaimi, Ghassan and Challans, Romana and Lloyd, Matthew and Lakeman, Jeremy and Wallace, Angus and Gardner-Stephen, Paul},
  booktitle={Global Humanitarian Technology Conference (GHTC), 2017 IEEE},
  pages={1--8},
  year={2017},
  organization={IEEE}
}

@inproceedings{lieser2017architecture,
  title={Architecture for Responsive Emergency Communications Networks},
  author={Lieser, Patrick and Alvarez, Flor and Gardner-Stephen, Paul and Hollick, Matthias and Boehnstedt, Doreen},
  booktitle={Global Humanitarian Technology Conference (GHTC). IEEE},
  year={2017}
}

@INPROCEEDINGS{647048,
author={L. M. Davis and I. B. Collings and R. J. Evans},
booktitle={Proceedings of ICICS, 1997 International Conference on Information, Communications and Signal Processing. Theme: Trends in Information Systems Engineering and Wireless Multimedia Communications (Cat.},
title={Estimation of LEO satellite channels},
year={1997},
volume={1},
number={},
pages={15-19 vol.1},
keywords={FIR filters;autoregressive processes;delay lines;digital radio;error analysis;mobile satellite communication;prediction theory;recursive estimation;recursive filters;time-varying channels;Doppler;LEO satellite channel;auto-regressive model;channel estimation;coupled filter;delay;low Earth orbit satellite digital communications;performance;recursive prediction error;tapped-delay-line filter;time evolution;time-varying complex coefficients;Delay;Fading;Finite impulse response filter;Intersymbol interference;Low earth orbit satellites;Parameter estimation;Rayleigh channels;Recursive estimation;Satellite communication;Shadow mapping},
doi={10.1109/ICICS.1997.647048},
ISSN={},
month={Sep},}

@ARTICLE{601747,
author={B. Sklar},
journal={IEEE Communications Magazine},
title={Rayleigh fading channels in mobile digital communication systems .I. Characterization},
year={1997},
volume={35},
number={7},
pages={90-100},
keywords={Rayleigh channels;UHF radio propagation;cellular radio;digital radio;fading;land mobile radio;personal communication networks;tropospheric electromagnetic wave propagation;3 to 30 MHz;300 MHz to 3 GHz;HF band;Rayleigh fading;Rayleigh fading channels;SHF band;UHF band;cellular communication systems;degradation;fading effects;frequency bands;high frequency band;ionospheric channels;ionospheric communications;mobile digital communication systems;mobile radio system;over the horizon communications;personal communication systems;superhigh frequency;tropospheric channels;tropospheric scatter;ultrahigh frequency;Degradation;Digital communication;Electromagnetic scattering;Fading;Frequency;Land mobile radio;Large-scale systems;Mobile communication;Personal communication networks;Radio transmitters;Rayleigh channels;Rayleigh scattering;Receivers;Surface waves},
doi={10.1109/35.601747},
ISSN={0163-6804},
month={Jul},}

@ARTICLE{913150,
author={A. Abdi and C. Tepedelenlioglu and M. Kaveh and G. Giannakis},
journal={IEEE Communications Letters},
title={On the estimation of the K parameter for the Rice fading distribution},
year={2001},
volume={5},
number={3},
pages={92-94},
keywords={Monte Carlo methods;Rician channels;correlation methods;multipath channels;parameter estimation;K parameter estimation;LOS path;Monte Carlo simulation;Rice fading distribution;asymptotic analysis;asymptotically efficient estimators;computational simplicity;envelope samples;estimator performance;fading correlation;fourth moment;line-of-sight path;moment-based estimators;narrowband multipath fading channels;real-world applications;second moment;statistical efficiency;statistical performance;Degradation;Differential equations;Fading;Frequency;Nakagami distribution;Nonlinear equations;Parameter estimation;Performance analysis;Sampling methods},
doi={10.1109/4234.913150},
ISSN={1089-7798},
month={March},}

@incollection{mehmood2010characterisation,
  title={Characterisation and Channel Modelling for Mobile Satellite Communication Systems},
  author={Mehmood, Asad and Mohammed, Abbas},
  booktitle={Satellite Communications},
  year={2010},
  publisher={InTech}
}

@article{loo1991computer,
  title={Computer models for fading channels with applications to digital transmission},
  author={Loo, Chun and Secord, Norman},
  journal={IEEE Transactions on Vehicular Technology},
  volume={40},
  number={4},
  pages={700--707},
  year={1991},
  publisher={IEEE}
}

@article{biglieri1984high,
  title={High-level modulation and coding for nonlinear satellite channels},
  author={Biglieri, Ezio},
  journal={IEEE Transactions on Communications},
  volume={32},
  number={5},
  pages={616--626},
  year={1984},
  publisher={IEEE}
}

@misc{simon1990trellis,
  title={Trellis coded modulation for transmission over fading mobile satellite channel},
  author={Simon, Marvin K and Divasalar, Dariush},
  year={1990},
  month=jul # "~31",
  publisher={Google Patents},
  note={US Patent 4,945,549}
}

@article{hagenauer1987forward,
  title={Forward error correction coding for fading compensation in mobile satellite channels},
  author={Hagenauer, Joachim and Lutz, Erich},
  journal={IEEE Journal on Selected Areas in Communications},
  volume={5},
  number={2},
  pages={215--225},
  year={1987},
  publisher={IEEE}
}

@article{barbulescu1995rate,
  title={Rate compatible turbo codes},
  author={Barbulescu, Adrien Sorin and Pietrobon, SS},
  journal={Electronics letters},
  volume={31},
  number={7},
  pages={535--536},
  year={1995},
  publisher={IET}
}

@misc{wilcoxson2000concatenated,
  title={Concatenated coding system for satellite communications},
  author={Wilcoxson, Donald C and Kchao, Chamroeun and Perahia, Eldad},
  year={2000},
  month=oct # "~24",
  publisher={Google Patents},
  note={US Patent 6,138,261}
}

@article{de2006performance,
  title={Performance analysis of turbo-coded APSK modulations over nonlinear satellite channels},
  author={De Gaudenzi, Riccardo and i Fabregas, A Guillen and Martinez, Alfonso},
  journal={IEEE transactions on wireless communications},
  volume={5},
  number={9},
  pages={2396--2407},
  year={2006},
  publisher={IEEE}
}


@article{lay20102009,
  title={The 2009 Samoa--Tonga great earthquake triggered doublet},
  author={Lay, Thorne and Ammon, Charles J and Kanamori, Hiroo and Rivera, Luis and Koper, Keith D and Hutko, Alexander R},
  journal={Nature},
  volume={466},
  number={7309},
  pages={964},
  year={2010},
  publisher={Nature Publishing Group}
}

@misc{weirdpost,
url={http://www.bbc.com/news/uk-england-london-42272052},
author={Tim Stokes},
year={2017},
title={The strangest things sent in the post},
note={Accessed: 2018-06-20}
}

@article{carpenter2011adaptation,
  title={Adaptation of RFC 1149 for IPv6},
  author={Carpenter, Brian and Hinden, Robert},
  year={2011}
}

@article{waitzman1999ip,
  title={IP over avian carriers with quality of service},
  year={1999}
}


@techreport{rfc1149,
  author={Waitzman, David},
   TITLE = "{IP Datagrams on Avian Carriers}",
   HOWPUBLISHED = {Internet Requests for Comments},
   TYPE="{RFC}",
   NUMBER=1149,
   PAGES = {1-2},
   YEAR = {1990},
   MONTH = {April},
   PUBLISHER = "{RFC Editor}",
   INSTITUTION = "{RFC Editor}",
   URL={https://www.rfc-editor.org/rfc/rfc1149.txt}
   }

@techreport{rfc2549,
  author={Waitzman, David},
   TITLE = "{IP Datagrams on Avian Carriers}",
   HOWPUBLISHED = {Internet Requests for Comments},
   TYPE="{RFC}",
   NUMBER=2549,
   PAGES = {1-4},
   YEAR = {1999},
   MONTH = {April},
   PUBLISHER = "{RFC Editor}",
   INSTITUTION = "{RFC Editor}",
   URL={https://www.rfc-editor.org/rfc/rfc2549.txt}
   }

@misc{rfc1149demo,
  author={Bergen Linux User's Group},
  year={2001},
  url={https://www.blug.linux.no/rfc1149/writeup/},
  title={The informal report from the RFC 1149 event},
  note={Accessed: 2018-06-20}
}

@techreport{rfc5050,
  author={Scott, K. and Burleigh, S.},
   TITLE = "{Bundle Protocol Specification}",
   HOWPUBLISHED = {Internet Requests for Comments},
   TYPE="{RFC}",
   NUMBER=5050,
   PAGES = {1-50},
   YEAR = {2007},
   MONTH = {April},
   PUBLISHER = "{RFC Editor}",
   INSTITUTION = "{RFC Editor}",
   URL={https://www.rfc-editor.org/rfc/rfc5050.txt}
   }

@inproceedings{gardner2013serval,
  title={The serval mesh: A platform for resilient communications in disaster \& crisis},
  author={Gardner-Stephen, Paul and Challans, Romana and Lakeman, Jeremy and Bettison, Andrew and Gardner-Stephen, Dione and Lloyd, Matthew},
  booktitle={Global Humanitarian Technology Conference (GHTC), 2013 IEEE},
  pages={162--166},
  year={2013},
  organization={IEEE}
}

@article{gardner2011serval,
  title={The serval project: Practical wireless ad-hoc mobile telecommunications},
  author={Gardner-Stephen, Paul},
  journal={Flinders University, Adelaide, South Australia, Tech. Rep},
  year={2011}
}

@inproceedings{baumgartner2016experimental,
  title={An experimental evaluation of delay-tolerant networking with Serval},
  author={Baumg{\"a}rtner, Lars and Gardner-Stephen, Paul and Graubner, Pablo and Lakeman, Jeremy and H{\"o}chst, Jonas and Lampe, Patrick and Schmidt, Nils and Schulz, Stefan and Sterz, Artur and Freisleben, Bernd},
  booktitle={Global Humanitarian Technology Conference (GHTC), 2016},
  pages={70--79},
  year={2016},
  organization={IEEE}
}

@article{tsiridis2016adding,
  title={Adding An Unusual Transport To The Serval Project},
  author={Tsiridis, Alexandros and Hill, Joseph and Gardner-Stephen, Paul},
  year={2016}
}

@inproceedings{sterz2017dtn,
  title={DTN-RPC: Remote procedure calls for disruption-tolerant networking},
  author={Sterz, Artur and Baumg{\"a}rtner, Lars and Mogk, Ragnar and Mezini, Mira and Freisleben, Bernd},
  booktitle={IFIP Networking Conference (IFIP Networking) and Workshops, 2017},
  pages={1--9},
  year={2017},
  organization={IEEE}
}

@inproceedings{gardner2017piloting,
  title={Piloting the serval mesh and serval mesh extender 2.0 in vanuatu: Preliminary results},
  author={Gardner-Stephen, Paul and Farouque, Salma and Lloyd, Matthew and Bate, Andrew and Cullen, Alexis},
  booktitle={Global Humanitarian Technology Conference (GHTC), 2017 IEEE},
  pages={1--10},
  year={2017},
  organization={IEEE}
}
@article{cook2006low,
  title={Low-power 2.4-GHz transceiver with passive RX front-end and 400-mV supply},
  author={Cook, Ben W and Berny, Axel and Molnar, Alyosha and Lanzisera, Steven and Pister, Kristofer SJ},
  journal={IEEE Journal of Solid-State Circuits},
  volume={41},
  number={12},
  pages={2757--2766},
  year={2006},
  publisher={IEEE}
}

@article{Dunkels2011,
abstract = {Low-power wireless devices must keep their radio transceivers off as much as possible to reach a low power consumption, but must wake up often enough to be able to receive communication from their neighbors. This report describes the ContikiMAC radio duty cycling mechanism, the default radio duty cycling mechanism in Contiki 2.5, which uses a power efficient wake-up mechanism with a set of timing constraints to allow device to keep their transceivers off. With ContikiMAC, nodes can participate in network communication yet keep their radios turned off for roughly 99\% of the time. This report describes the ContikiMAC mechanism, measures the energy consumption of individual ContikiMAC operations, and evaluates the efficiency of the fast sleep and phase-lock optimizations.},
author = {Dunkels, Adam},
file = {:home/prithvi/BLEThesisDocuments/AcadPapers/Dunkels - 2011 - The ContikiMAC Radio Duty Cycling Protocol.pdf:pdf},
month = dec,
publisher = {Swedish Institute of Computer Science},
title = {{The ContikiMAC Radio Duty Cycling Protocol}},
url = {http://soda.swedish-ict.se/5128/1/contikimac-report.pdf},
year = {2011}
}

@misc{rfd900,
       title={RFD900 Radio Modem Data Sheet},
       author={RFDesign},
       year={2013},
       publisher={RFDesign},
       url={http://files.rfdesign.com.au/Files/documents/RFD900\%20DataSheet.pdf}
       }

@misc{spectrumvegadebacle,
  title={ZX Spectrum Vega Plus backers complain of months-long refund delays},
  publisher={The Register},
  year={2017},
  url={https://www.theregister.co.uk/2017/03/29/retro_computer_ltd_vega_plus_refunds/}
}


@book{adams1979hitchhiker,
    author = "Adams, Douglas",
    title = "The Hitchhiker's Guide to the Galaxy",
    publisher = "Pocket Books",
    year = "1979",
    isbn = {0-671-46149-4}
}

@book{toyotalean,
    author={Liker, Jeffrey},
    year={2003},
    title={The Toyota Way: 14 Management Principles from the World's Greatest Manufacturer, First edition},
    publisher={McGraw-Hill},
    isbn={0-07-139231-9}
    }

@misc{potatosaladkickstarter,
    title={Potato Salad, kickstarter campaign},
    year={2014},
    url={https://www.kickstarter.com/projects/zackdangerbrown/potato-salad}
    }

@misc{potatosaladkickstarter2,
    title={\$55,000 ``jok'' potato salad Kickstarter concludes with party, large donations to charity},
    year={2014},
    author={Kuchera, Ben},
    url={https://www.polygon.com/2014/9/30/6872423/potato-salad-kickstarter-party-columbus}
    }

@book{peacelovepotatosalad,
    title={The Peace, Love and Potato Salad Cook Book},
    year={2016},
    author={Brown Zack and Blackburn, Teresa},
    publisher={Springhouse Press},
    isbn={978-1940611389}
    }

@misc{combatkitchenware,
    title={Combat Kitchenware},
    year={2013},
    author={Brown, James},
    url={https://www.kickstarter.com/projects/1901693996/combat-kitchenware}
    }

@misc{beardmasks,
   url={https://www.kickstarter.com/projects/5oclockshadow/5-oclock-shadow?ref=category},
   author={Rushton, Tessa},
   title={5 O'clock Shadow},
   year={2012}
   }

@misc{lesscarmorego,
   url={https://www.kickstarter.com/projects/1887563980/less-car-more-go-the-cargo-bike-documentary},
   author={Canning, Liz},
   title={LESS CAR MORE GO: the cargo bike documentary},
   year={2014},
   }
   
@misc{ostrichpillow,
   url={https://www.kickstarter.com/projects/ostrich-pillow/ostrich-pillow},
   title={Ostrich Pillow},
   year={2012},
   author={StudioBananaThings}
   }

@misc{illumibowl,
   url={https://www.kickstarter.com/projects/1585372093/illumibowl-2-toilet-night-light-sharktank-upgrade},
   title={IllumiBowl 2.0: Toilet Night Light (Shark Tank Upgrade)},
   year={2016},
   author={Matt}
   }

@misc{MIL-STD-188-141B,
  url={http://hflink.com/standards/ALE_standard_188_141B.pdf},
  title={MIL-STD-188-141B: Interoperability and performance standards for medium and high frequency radio systems},
  author={United States Department of Defence},
  year={1999}
  }

@misc{pe16,
url={https://www.defense.gov/News/Article/Article/922056/pacific-endeavor-exercise-tests-new-communications-capability/},
title={Pacific Endeavor Exercise Tests New Communications Capability},
author={Air Force Master Sgt. Todd Kabalan},
year={2016}
}

@misc{avgsmslength,
  url={https://www.quora.com/What-is-the-average-length-of-an-SMS},
  year={2014},
  author={Cas Schalkx},
  title={What is the average length of an SMS?}
  }

@misc{torres,
url={http://dailypost.vu/news/torres-islands-get-supplies/article_b63d269f-ff96-58da-b40f-686929d2a86d.html},
year={2017},
author={Glenda Willie},
title={Torres Islands Get Supplies}
}

@inproceedings{klingler2015ieee,
  title={IEEE 802.11 p unicast considered harmful},
  author={Klingler, Florian and Dressler, Falko and Sommer, Christoph},
  booktitle={Vehicular Networking Conference (VNC), 2015 IEEE},
  pages={76--83},
  year={2015},
  organization={IEEE}
}

@article{richards59,
    author = {Richards, F. J.},
    citeulike-article-id = {531464},
    journal = {Journal of Experimental Botany},
    keywords = {curve-fitting, s-curve},
    number = {29},
    pages = {290--300},
    posted-at = {2006-03-06 15:21:50},
    priority = {3},
    title = {{A Flexible Growth Function for Empirical Use}},
    volume = {10},
    year = {1959}
}

@misc{ausdemographics2016,
   url={http://www.abs.gov.au/ausstats/abs@.nsf/mf/3101.0},
   title={3101.0 - Australian Demographic Statistics, Sep 2016},
   year={2016},
   author={Australian Bureau of Statistics}
   }

@misc{austsunamirisk,
  url={https://theconversation.com/making-waves-the-tsunami-risk-in-australia-60623},
  title={Making waves: the tsunami risk in Australia},
  year={2016},
  author={Power, Hannah and Wilson, Olivia}
  }

@article{sinadinovski2006historical,
  title={Historical earthquakes: a case study for Adelaide 1954 earthquake},
  author={Sinadinovski, Cvetan and Greenhalgh, Stewart and Love, David},
  year={2006},
  publisher={Australian Earthquake Engineering Society}
}

@article{greenhalgh1988seismicity,
  title={The seismicity of the Adelaide Geosyncline, South Australia},
  author={Greenhalgh, SA and Singh, R},
  journal={Bulletin of the Seismological Society of America},
  volume={78},
  number={1},
  pages={243--263},
  year={1988},
  publisher={Seismological Society of America}
}

@article{moon2014demise,
  title={The demise of the URM building stock in Christchurch during the 2010--2011 Canterbury earthquake sequence},
  author={Moon, Lisa and Dizhur, Dmytro and Senaldi, Ilaria and Derakhshan, Hossein and Griffith, Michael and Magenes, Guido and Ingham, Jason},
  journal={Earthquake Spectra},
  volume={30},
  number={1},
  pages={253--276},
  year={2014},
  publisher={Earthquake Engineering Research Institute}
}

@misc{urmcanterburyrc,
title={The Performance of Unreinforced Masonry Buildings in the 2010/2011 Canterbury Earthquake Swarm},
author={Ingham, Jason and Griffith, Michael},
year={2011},
url={http://canterbury.royalcommission.govt.nz/documents-by-key/20110920.46/$file/ENG.ACA.0001F.pdf}
}

@misc{satornadoes,
title={Seven tornadoes hit SA on day of massive blackout: Bureau of Meteorology report},
url={http://www.adelaidenow.com.au/news/south-australia/seven- tornadoes-hit-sa-on-day-of-massive-blackout-bureau-of-meteorology- report/news-story/e888d155c01b910778132d68e93c9d6a?nk=2cbf1c65ea5ab94a9ae2f513bff347c8-1498147632},
author={Henson, Elizabeth},
year={2016}
}

@inproceedings{kongsiriwattana2016smart,
  title={Smart-phone battery-life short-fall in disaster response: Quantifying the gap},
  author={Kongsiriwattana, Watcharachai and Gardner-Stephen, Paul},
  booktitle={Global Humanitarian Technology Conference (GHTC), 2016},
  pages={220--225},
  year={2016},
  organization={IEEE}
}

@inproceedings{kongsiriwattana2016exploration,
  title={The exploration of alternative phone charging strategies for disaster or emergency situations},
  author={Kongsiriwattana, Watcharachai and Gardner-Stephen, Paul},
  booktitle={Global Humanitarian Technology Conference (GHTC), 2016},
  pages={233--240},
  year={2016},
  organization={IEEE}
}

@misc{saambulancecallouts,
 title={SA Ambulance Service reported ambulance incidents by priority},
 url={https://data.sa.gov.au/data/dataset/sa-ambulance-service-reported-ambulance-incidents-by-priority},
 author={Government of South Australia},
 year={2016}
 }

@article{welton2017injury,
  title={Injury trends from envenoming in Australia, 2000--2013},
  author={Welton, Ronelle E and Williams, David J and Liew, Danny},
  journal={Internal medicine journal},
  volume={47},
  number={2},
  pages={170--176},
  year={2017},
  publisher={Wiley Online Library}
}

@article{caldicott2005crocodile,
  title={Crocodile attack in Australia: an analysis of its incidence and review of the pathology and management of crocodilian attacks in general},
  author={Caldicott, David GE and Croser, David and Manolis, Charlie and Webb, Grahame and Britton, Adam},
  journal={Wilderness \& environmental medicine},
  volume={16},
  number={3},
  pages={143--159},
  year={2005},
  publisher={BioOne}
}

@article{west2011changing,
  title={Changing patterns of shark attacks in Australian waters},
  author={West, John G},
  journal={Marine and Freshwater Research},
  volume={62},
  number={6},
  pages={744--754},
  year={2011},
  publisher={CSIRO}
}

@misc{cyclonedebbie,
url={http://www.abc.net.au/news/2017-04-24/cyclone-debbie-cost-repair-bill-curits-pitt-state-budget/8466192},
year={2017},
author={Tapim, Francis}
}

@misc{satixfy,
url={http://www.satixfy.com/dream-sub-100-vsat-getting-closer-reality},
title={The Dream of Sub \$100 VSAT Is Getting Closer To Reality},
year={2015},
author={SatixFy UK Ltd.}
}

@article{okal1988seismic,
  title={Seismic parameters controlling far-field tsunami amplitudes: a review},
  author={Okal, Emile A},
  journal={Natural Hazards},
  volume={1},
  number={1},
  pages={67--96},
  year={1988},
  publisher={Springer}
}

@article{bryant2001tsunami,
  title={Tsunami},
  author={Bryant, Edward},
  journal={The underrated hazard. New York},
  year={2001},
  publisher={Springer}
}

@article{tang2008tsunami,
  title={Tsunami forecast analysis for the May 2006 Tonga tsunami},
  author={Tang, L and Titov, VV and Wei, Y and Mofjeld, HO and Spillane, M and Arcas, D and Bernard, EN and Chamberlin, C and Gica, E and Newman, J},
  journal={Journal of Geophysical Research: Oceans},
  volume={113},
  number={C12},
  year={2008},
  publisher={Wiley Online Library}
}

@article{hudson1972local,
  title={Local distribution of strong earthquake ground motions},
  author={Hudson, Donald E},
  journal={Bulletin of the Seismological Society of America},
  volume={62},
  number={6},
  pages={1765--1786},
  year={1972},
  publisher={Seismological Society of America}
}

@article{borcherdt1992characteristics,
  title={On the characteristics of local geology and their influence on ground motions generated by the Loma Prieta earthquake in the San Francisco Bay region, California},
  author={Borcherdt, Roger D and Glassmoyer, Gary},
  journal={Bulletin of the seismological society of America},
  volume={82},
  number={2},
  pages={603--641},
  year={1992},
  publisher={Seismological Society of America}
}

@article{mucciarelli1998quick,
  title={A quick survey of local amplifications and their correlation with damage observed during the Umbro-Marchesan (Italy) earthquake of September 26, 1997},
  author={MUCCIARELLI, MARCO and MONACHESI, GIANCARLO},
  journal={Journal of Earthquake Engineering},
  volume={2},
  number={02},
  pages={325--337},
  year={1998},
  publisher={World Scientific}
}

@article{kuruppu2011mental,
  title={Mental preparation for climate adaptation: The role of cognition and culture in enhancing adaptive capacity of water management in Kiribati},
  author={Kuruppu, Natasha and Liverman, Diana},
  journal={Global Environmental Change},
  volume={21},
  number={2},
  pages={657--669},
  year={2011},
  publisher={Elsevier}
}

@article{dolan2006understanding,
  title={Understanding vulnerability of coastal communities to climate change related risks},
  author={Dolan, A Holly and Walker, IJ},
  journal={Journal of Coastal Research},
  pages={1316--1323},
  year={2006},
  publisher={JSTOR}
}

@article{davidson2007truths,
  title={Truths and myths about community participation in post-disaster housing projects},
  author={Davidson, Colin H and Johnson, Cassidy and Lizarralde, Gonzalo and Dikmen, Nese and Sliwinski, Alicia},
  journal={Habitat International},
  volume={31},
  number={1},
  pages={100--115},
  year={2007},
  publisher={Elsevier}
}

@article{christoplos2001re,
  title={Re-framing risk: The changing context of disaster mitigation and preparedness},
  author={Christoplos, Ian and Mitchell, John and Liljelund, Anna},
  journal={Disasters},
  volume={25},
  number={3},
  pages={185--198},
  year={2001},
  publisher={Wiley Online Library}
}

@article{hayles2010examination,
  title={An examination of decision making in post disaster housing reconstruction},
  author={Hayles, Carolyn S},
  journal={International Journal of Disaster Resilience in the Built Environment},
  volume={1},
  number={1},
  pages={103--122},
  year={2010},
  publisher={Emerald Group Publishing Limited}
}

@misc{worldriskreport2014,
  title={WorldRiskReport 2014},
  year={2014},
  url={https://i.unu.edu/media/ehs.unu.edu/news/4070/11895.pdf},
  author={Bündnis Entwicklung Hilft (Alliance Development Works}}
}

@misc{etccluster,
  title={Emergency Telecommunications Cluster},
  url={https://www.etcluster.org/about-etc},
  author={{United Nations} {World Food Programme}}
}

@misc{etc2016samoa,
  title={Regional ETC Workshop for the Pacific},
  year={2016},
  url={https://www.etcluster.org/photogallery/regional-etc-workshop-pacific},
  author={Emergency Telecommunications Cluster}
}

@misc{vanuatu-uap,
  title={Telecommunications And Radiocommunications Regulation Act
No. 30 Of 2009},
  year={2009},
  author={Government of Vanuatu},
  url={http://www.paclii.org/vu/legis/num_act/tarra2009539.rtf}
}

@misc{phc,
  url={http://pacifichumanitarianchallenge.org/},
  year={2015},
  author={Australian Department of Foreign Affairs and Trade},
  totle={Pacific Humanitarian Challenge}
}

@misc{phcwinners,
  url={http://foreignminister.gov.au/releases/Pages/2016/jb_mr_160506d.aspx},
  year={2016},
  title={Winners of the Pacific Humanitarian Challenge},
  author={The Hon Julie Bishop MP}
}






@article{doi:10.1080/03081060701599920,
author = { Sangho   Choo  and  Taihyeong   Lee  and  Patricia L.   Mokhtarian },
title = {Relationships Between US Consumer Expenditures on Communications and Transportation Using Almost Ideal Demand System Modeling: 1984–2002},
journal = {Transportation Planning and Technology},
volume = {30},
number = {5},
pages = {431-453},
year = {2007},
doi = {10.1080/03081060701599920},

URL = { 
        http://dx.doi.org/10.1080/03081060701599920
    
},
eprint = { 
        http://dx.doi.org/10.1080/03081060701599920
    
}

}

@article{oliver2014information,
  title={Information Technology and Transportation: Substitutes or Complements?},
  author={Oliver, Atara Stephanie},
  year={2014}
}

@article{kuson2012household,
  title={Household determinants of poverty in Savannakhet, Laos: Binary choice model approach},
  author={Kuson, Siwarat and Sriboonchitta, Songsak and Calkins, Peter and others},
  journal={The Empirical Econometrics and Quantitative Economics Letters},
  volume={1},
  number={3},
  pages={33--52},
  year={2012},
  publisher={Faculty of Economics, Chiang Mai University}
}


@article{pollanen2009demographic,
  title={Demographic analysis for consumer spend in communications},
  author={P{\"o}ll{\"a}nen, Ossi and Eloranta, Lauri},
  journal={info},
  volume={11},
  number={3},
  pages={97--106},
  year={2009},
  publisher={Emerald Group Publishing Limited}
}

@misc{servalmeshapp,
  url={https://play.google.com/store/apps/details?id=org.servalproject},
  title={The Serval Mesh},
  year={2016},
  author={Serval Project}
}

@misc{servalchatapp,
  url={https://play.google.com/store/apps/details?id=org.servalproject.servalchat},
  title={Serval Chat (Unreleased)},
  year={2017},
  author={Serval Project}
}

@techreport{ipratings,
type = {Standard},
key = {ANSI / IEC 60509:2004},
title = {{Degrees of Protection Provided by Enclosures (IP Code)
(identical national adoption) }},
institution = {National Electrical Manufacturers Association},
url={https://www.nema.org/Standards/ComplimentaryDocuments/ANSI-IEC-60529.pdf}
}

@misc{facebook2billion,
title={Facebook now has 2 billion monthly users… and responsibility},
url={https://techcrunch.com/2017/06/27/facebook-2-billion-users/},
author={Josh Constine},
year={2017}
}

@misc{scuttlebutt,
  title={Database protocol for unforgeable append-only message feeds},
  url={https://scuttlebot.io/more/protocols/secure-scuttlebutt.html},
  note={Accessed: 2017-08-14}
}

@article{bland2014firechat,
  title={FireChat--The messaging app that’s powering the Hong Kong protests},
  author={Bland, Archie},
  journal={The Guardian},
  volume={29},
  year={2014}
}

@article{wired2014firechat,
  title={Protesters adore FireChat but it's still not secure},
  author={Baraniuk, Chris},
  journal={Wired},
  year={2014}
}

@misc{firechatsecurity,
  title={FireChat launches new offline private messaging option},
  url={http://www.bbc.com/news/technology-33718318},
  author={Brittish Broadcasting Corporation},
  year={2015}
  }

@article{hansen2015zukunft,
  title={Zukunft von Datenschutz und Privatsph{\"a}re in einer mobilen Welt},
  author={Hansen, Marit},
  journal={Datenschutz und Datensicherheit-DuD},
  volume={39},
  number={7},
  pages={435--439},
  year={2015},
  publisher={Springer}
}

@misc{gilgamesh,
url={https://lists.mayfirst.org/pipermail/guardian-dev/2014-October/003866.html},
title={[guardian-dev] GilgaMesh (was Re: FireChat moved off iOS proprietary mesh to their own xp mesh protocol?)},
author={Chris Ballinger et al},
year={2014}
}

@misc{vanuatu,
url={http://dfat.gov.au/geo/vanuatu/pages/vanuatu.aspx},
title={Vanuatu},
year={2017},
author={Government of Australia}
}

@misc{questionbox,
  url={http://www.questionbox.org/},
  year={2017},
  author={Open Mind},
  title={Question Box, a project by Open Mind}
  }

@misc{androidheadsetjack,
  url={https://source.android.com/devices/accessories/headset/plug-headset-spec},
  title={3.5 mm Headset: Accessory Specification},
  year={2017},
  author={The Android Open Source Project}
  }

@book{eng2010mountaineering,
  title={Mountaineering: The freedom of the hills},
  author={Eng, Ronald C and Van Pelt, Julie and others},
  year={2010},
  publisher={Mountaineers Books}
}

@misc{autopoweron,
  url={https://android.stackexchange.com/questions/20021/automatically-power-on-android-when-the-charger-is-connected},
  title={Automatically power on Android when the charger is connected},
  year={2015},
  author={Stack Exchange Inc}
}

@misc{qb2software,
 url={https://github.com/gardners/questionbox2-call-manager},
 title={Question Box 2.0 Call Manager Prototype},
 year={2017}
}

@misc{rc5325a,
  url={http://www.jeita.or.jp/japanese/standard/book/RC-5325A/},
  title={4-Pole miniature concentric plugs and jacks},
  author={Japan Electronics and Information Technology Industries Association},
  year={2004}
}

@book{communicationakey,
url={http://www.fao.org/docrep/t1815e/t1815e01.htm},
title={COMMUNICATION a key to human development},
year={1994},
author={Colin Fraser and Jonathan Villet},
publisher={Food and Agriculture Organisation of the United Nations}
}

@misc{poverty,
url={https://www.cfr.org/blog/poverty-inequality-and-development?cid=partner_site-devex},
title={Poverty, Inequality and Development},
year={2013},
author={Terra Lawson-Remer},
publisher={Council on Foreign Relations}
}

@misc{commshumanright,
url={https://blog.usaid.gov/2013/01/communication-is-aid-old-and-new-technologies-make-aid-more-effective/},
year={2013},
title={Communication is Aid: Old and New Technologies Make Aid More Effective},
author={Anne-Marie Schryer-Roy}
}

@inproceedings{dodson2013minding,
  title={Minding the gaps: Cultural, technical and gender-based barriers to mobile use in oral-language Berber communities in Morocco},
  author={Dodson, Leslie L and Sterling, S and Bennett, John K},
  booktitle={Proceedings of the Sixth International Conference on Information and Communication Technologies and Development: Full Papers-Volume 1},
  pages={79--88},
  year={2013},
  organization={ACM}
}

@misc{gsmagendergap,
url={https://www.gsma.com/mobilefordevelopment/wp-content/uploads/2016/02/Connected-Women-Gender-Gap.pdf},
year={2016},
title={Bridging the gender gap: Mobile access and usage in low and middle-income countries},
author={GSMA}
}
 

@misc{qbcallcentre,
url={http://www.telegraph.co.uk/technology/3356881/An-Indian-call-centre-that-works.html},
year={2008},
title={An Indian call centre that works},
author={Peter Lyle},
publisher={The Telegraph}
}

@misc{illiteracy,
url={http://uis.unesco.org/sites/default/files/documents/fs38-50th-anniversary-of-international-literacy-day-literacy-rates-are- on-the-rise-but-millions-remain-illiterate-2016-en.pdf},
year={2016},
title={50TH ANNIVERSARY OF INTERNATIONAL
LITERACY DAY: Literacy rates are on the rise
but millions remain illiterate},
author={United Nations Educational, Scientific and Cultural Organization}
}

@misc{groundwavehf,
  url={https://www.electronics-notes.com/articles/antennas-propagation/ground-wave/basics-tutorial.php},
  title={Ground Wave Propagation Tutorial},
  author={electronicsnotes}
}

@inproceedings{barrick2003history,
  title={History, present status, and future directions of HF surface-wave radars in the US},
  author={Barrick, Don},
  booktitle={Radar Conference, 2003. Proceedings of the International},
  pages={652--655},
  year={2003},
  organization={IEEE}
}

@article{norton1936propagation,
  title={The propagation of radio waves over the surface of the earth and in the upper atmosphere},
  author={Norton, KA},
  journal={Proceedings of the Institute of Radio Engineers},
  volume={24},
  number={10},
  pages={1367--1387},
  year={1936},
  publisher={IEEE}
}

@article{ephremides1987design,
  title={A design concept for reliable mobile radio networks with frequency hopping signaling},
  author={Ephremides, Anthony and Wieselthier, Jeffrey E and Baker, Dennis J},
  journal={Proceedings of the IEEE},
  volume={75},
  number={1},
  pages={56--73},
  year={1987},
  publisher={IEEE}
}

@book{seybold2005introduction,
  title={Introduction to RF propagation},
  author={Seybold, John S},
  year={2005},
  publisher={John Wiley \& Sons}
}

@misc{ergon,
   title={Ergon Energy},
   year={2017},
   url={https://www.ergon.com.au}
}

@article{RN1336,
   author = {Klinger, Chaamala and Landeg, Owen and Murray, Virginia},
   title = {Power Outages, Extreme Events and Health: a Systematic Review of the Literature from 2011-2012},
   journal = {PLoS Currents},
   volume = {6},
   pages = {ecurrents.dis.04eb1dc5e73dd1377e05a10e9edde673},
   ISSN = {2157-3999},
   DOI = {10.1371/currents.dis.04eb1dc5e73dd1377e05a10e9edde673},
   url = {http://www.ncbi.nlm.nih.gov/pmc/articles/PMC3879211/},
   year = {2014},
   type = {Journal Article}
}

@ARTICLE{1687814, 
author={P. Pourbeik and P. S. Kundur and C. W. Taylor}, 
journal={IEEE Power and Energy Magazine}, 
title={The anatomy of a power grid blackout - Root causes and dynamics of recent major blackouts}, 
year={2006}, 
volume={4}, 
number={5}, 
pages={22-29}, 
keywords={power grids;power system faults;power system reliability;power system security;catastrophic events;power delivery;power grid blackout;power system reliability;power system security;risk reduction;system dynamic performance;Anatomy;Cities and towns;Contracts;Hydraulic turbines;Power generation;Power grids;Power system dynamics;Power system protection;Power transmission lines;Transformers}, 
doi={10.1109/MPAE.2006.1687814}, 
ISSN={1540-7977}, 
month={Sept},}

@article{RN1337,
   author = {Krishnamurthy, V. and Kwasinski, A. and Dueñas-Osorio, L.},
   title = {Comparison of Power and Telecommunications Dependencies and Interdependencies in the 2011 Tohoku and 2010 Maule Earthquakes},
   journal = {Journal of Infrastructure Systems},
   year = {2016},
   type = {Journal Article}
}


@misc{RN1338,
   volume = {2017},
   number = {August, 1},
   url = {http://www.cleanegroup.org/power-outages-and-natural-disasters-which-ones-are-avoidable/},
   year = {2011},
   type = {Web Page}
}

@misc{RN1340,
   volume = {2017},
   number = {August, 1},
   url = {https://www.theguardian.com/world/2017/mar/31/natural-disaster-zones-declared-in-new-south- wales-in-wake-of-cyclone-debbie},
   year = {2017},
   type = {Web Page}
}

@misc{RN1341,
   volume = {2017},
   number = {August, 1},
   url = {http://www.abc.net.au/news/2016-09-28/sa-weather-south-australia-without-power-as-storm-hits/7885930},
   year = {2016},
   type = {Web Page}
}

@INPROCEEDINGS{6099777, 
author={A. Kwasinski}, 
booktitle={2011 IEEE 33rd International Telecommunications Energy Conference (INTELEC)}, 
title={Effects of notable natural disasters from 2005 to 2011 on telecommunications infrastructure: Lessons from on-site damage assessments}, 
year={2011}, 
pages={1-9}, 
keywords={disasters;distributed power generation;emergency power supply;emergency services;storms;telecommunication network management;telecommunication power supplies;tsunami;Chile earthquake;failure modes;field damage assessment;hurricane Gustav;hurricane Katrina;micro-grids;notable natural disasters;on-site damage assessment;photographic evidence;power supply availability;powering option;predominant restoration strategy;telecommunication infrastructure;tsunami;Tsunami;Communications Power Plants;Earthquakes;Failure Modes;Hurricanes;Lifelines;Natural Disasters;Power Availability;Power Conversion}, 
doi={10.1109/INTLEC.2011.6099777}, 
ISSN={0275-0473}, 
month={Oct},}

@article{functionalneeds,
author = { Jan ,  Sophia  and  Lurie ,  Nicole },
title = {Disaster Resilience and People with Functional Needs},
journal = {New England Journal of Medicine},
volume = {367},
number = {24},
pages = {2272-2273},
year = {2012},
doi = {10.1056/NEJMp1213492},
    note ={PMID: 23234513},

URL = { 
        http://dx.doi.org/10.1056/NEJMp1213492
    
},
eprint = { 
        http://dx.doi.org/10.1056/NEJMp1213492    
}
}

@article{Deb2012CoordinatingDR,
  title={Coordinating disaster relief operations using smart phone/PDA based peer-to-peer communication},
  author={Deb, Debanjan Das and Bose, Sagar and Bandyopadhyay, Somprakash},
  journal={International Journal of Wireless \& Mobile Networks},
  volume={4},
  number={6},
  pages={27},
  year={2012},
  publisher={Academy \& Industry Research Collaboration Center (AIRCC)}
}

@Inbook{Nguyen2016,
author="Nguyen, Duy Tai
and Vu, Pham Tran
and Minh, Quang Tran",
editor="Kr{\'o}l, Dariusz
and Madeyski, Lech
and Nguyen, Ngoc Thanh",
title="Peer to Peer Social Network for Disaster Recovery",
bookTitle="Recent Developments in Intelligent Information and Database Systems",
year="2016",
publisher="Springer International Publishing",
address="Cham",
pages="123--132",
abstract="Keeping people connected even in a severe condition when main parts of communication infrastructures are destroyed by disasters is essential to loss mitigation and emergency relief. It is hard, however, to quickly recover communication infrastructures due to many difficulties on available resources such as time, equipment, man-power and so forth. This paper proposes a practical solution thereby victims in the disaster areas can easily connect with each other to share their safety status via the means of a social network, namely the peer to peer social network for disaster recovery (P2PSNDR). The P2PSNDR is designed so that it can feasibly run on top of a mobile multihop ad hoc network established on demand utilizing the beacon stuffing mechanism. This approach does not require additional hardware such as network interface cards (NICs). Instead, it leverages the available WiFi NIC on the mobile devices to listen the data embedded in the beacon frames sent by the neighbor nodes. As nodes can deal with the received messages by appropriately forwarding messages to the intended destination, multihop communication is established extending the communication coverage. The feasibility of the proposed network has been validated via simulations with various scenarios. The results reveal that the network can work properly with maximum 250 nodes which is large enough for common disaster recovery situations.",
isbn="978-3-319-31277-4",
doi="10.1007/978-3-319-31277-4_11",
url="https://doi.org/10.1007/978-3-319-31277-4_11"
}

@incollection{Haddow201453,
title = "Chapter Four - Disaster Coverage Past and Present ",
editor = "George D. Haddow and Kim S. Haddow ",
booktitle = "Disaster Communications in a Changing Media World ",
publisher = "Butterworth-Heinemann",
edition = "Second",
address = "",
year = "2014",
pages = "53 - 70",
isbn = "978-0-12-407868-0",
doi = "https://doi.org/10.1016/B978-0-12-407868-0.00004-5",
url = "http://www.sciencedirect.com/science/article/pii/B9780124078680000045",
author = "George D. Haddow and Kim S. Haddow",
keywords = "Twitter as the new newswire",
keywords = "social media and 911 calls",
keywords = "the use of smartphone apps in Hurricane Sandy",
keywords = "crowdsourcing",
keywords = "crisis mapping "
}


@incollection{Haddow2014155,
title = "Chapter Nine - Case Studies ",
editor = "George D. Haddow and Kim S. Haddow ",
booktitle = "Disaster Communications in a Changing Media World",
publisher = "Butterworth-Heinemann",
edition = "Second",
address = "",
year = "2014",
pages = "155 - 181",
isbn = "978-0-12-407868-0",
doi = "https://doi.org/10.1016/B978-0-12-407868-0.00009-4",
url = "http://www.sciencedirect.com/science/article/pii/B9780124078680000094",
author = "George D. Haddow and Kim S. Haddow",
keywords = "Twitter and the Boston Marathon bombings",
keywords = "social media mapping",
keywords = "Safecast.org",
keywords = "Ushahidi",
keywords = "the decline of newspapers",
keywords = "Red Cross Safe &amp; Well",
keywords = "Google People Finder "
}

@inproceedings{meissner2002design,   title={Design challenges for an integrated disaster management communication and information system},   author={Meissner, Andreas and Luckenbach, Thomas and Risse, Thomas and Kirste, Thomas and Kirchner, Holger} }

@INPROCEEDINGS{7297430, 
author={G. T. C. Gunaratna and P. V. N. M. Jayarathna and S. S. P. Sandamini and D. S. De Silva}, 
booktitle={2015 8th International Conference on Ubi-Media Computing (UMEDIA)}, 
title={Implementing wireless Adhoc networks for disaster relief communication}, 
year={2015}, 
pages={66-71}, 
keywords={ad hoc networks;computer centres;computer network reliability;disasters;emergency management;radio transceivers;smart phones;wireless LAN;Information exchange;Wi-Fi device node;catastrophic disaster;communication system failure;data center;disaster relief communication;disaster relief operation;disaster response;emergency communication;information gathering;post disaster situation;prototype system;rescue crews;rescue operation;smart phone;transceiver unit;wireless ad hoc network architecture;Ad hoc networks;IEEE 802.11 Standard;Peer-to-peer computing;Smart phones;Throughput;Transceivers;Wireless communication;Adhoc;Disaster;Node;Smart Devices;Wi-Fi}, 
doi={10.1109/UMEDIA.2015.7297430}, 
month={Aug},}


@misc{RN1343,
   volume = {1 August 2017},
  author={Patrick Meier},
   url={ https://irevolutions.org/2012/08/28/still-left-in-dark/},
   year = {2012}
}

@inproceedings{gultom2014crisis,   title={Crisis communication capacity for disaster resilience: Community participation of information providing and verifying in Indonesian volcanic eruption},   author={Gultom, Dwie Irmawaty and Joyce, Zita},   booktitle={12th Biennial Australian and New Zealand Third Sector Research Conference},   year={2014} }


@INPROCEEDINGS{5432918, 
author={M. Rosas-Casals}, 
booktitle={2010 Complexity in Engineering}, 
title={Power Grids as Complex Networks: Topology and Fragility}, 
year={2010}, 
pages={21-26}, 
keywords={power grids;power system faults;power system reliability;European transmission power grid;cable lines;complex networks;malfunctions analysis;substations;transformers;Complex networks;Control systems;Mesh generation;Network topology;Power generation;Power grids;Power system faults;Power system protection;Substations;Transformers;complex networks;dynamics;failures;power grid;probability distribution;structure}, 
doi={10.1109/COMPENG.2010.23}, 
month={Feb},}

@misc{RN1344,
   number = {1 August 2017},
   url = {https://www.nyu.edu/ccpr/pubs/NYU-DisasterCommunications1-Final.pdf},
   year = {2005},
   type = {Web Page}
}

@misc{outernet,
  url= {https://outernet.is/},
  title={Outernet multimedia broadcasting},
  year={2018},
  note={Accessed: 2018-06-07},
  type={Web Page}
  }

@misc{raspberrypi,
url={https://www.raspberrypi.org/},
title={Raspberry Pi: A small and affordable computer that you can use to learn programming},
note={Accessed: 2018-06-07},
type={Web Page}
}

@article{giovinazzi2017resilience,   title={RESILIENCE AND FRAGILITY OF THE TELECOMMUNICATION NETWORK TO SEISMIC EVENTS: EVIDENCE AFTER THE KAIK{\=O}URA (NEW ZEALAND) EARTHQUAKE},   author={Giovinazzi, Sonia and Austin, Andrew and Ruiter, Rob and Foster, Colin and Nayyerloo, Mostafa and Nair, Nirmal-Kumar and Wotherspoon, Liam},   journal={Bulletin of the New Zealand Society for Earthquake Engineering},   volume={50},   number={2},   year={2017} }


@INPROCEEDINGS{1274454, 
author={Ei Sun Oh}, 
booktitle={9th Asia-Pacific Conference on Communications (IEEE Cat. No.03EX732)}, 
title={Information and communication technology in the service of disaster mitigation and humanitarian relief}, 
year={2003}, 
volume={2}, 
pages={730-733 Vol.2}, 
keywords={disasters;information technology;telecommunication services;Information technology;International community;Tampere Convention Treaty;communication technology;disaster mitigation service;disaster recognition;emergency telecommunication;human suffering;humanitarian relief operation;man-made disaster;natural disaster;private sector;property damage;public sector;secured environment;technology development;telecommunications resource;Arm;Artificial satellites;Cities and towns;Communications technology;Earthquakes;Humans;Mobile communication;Modems;Sun;Telecommunications}, 
doi={10.1109/APCC.2003.1274454}, 
month={Sept},}

@INPROCEEDINGS{5357972, 
author={G. P. Perrucci and F. H. P. Fitzek and G. Sasso and W. Kellerer and J. Widmer}, 
booktitle={2009 European Wireless Conference}, 
title={On the impact of 2G and 3G network usage for mobile phones' battery life}, 
year={2009}, 
pages={255-259}, 
keywords={3G mobile communication;data communication;mobile handsets;2G network usage;3G network usage;mobile phone battery life;multimedia device;text messaging;voice communication;voice services;Batteries;Energy consumption;Energy measurement;Manufacturing;Mobile communication;Mobile handsets;Moore's Law;Social network services;Switches;Wireless LAN}, 
doi={10.1109/EW.2009.5357972}, 
month={May},}

@INPROCEEDINGS{7868425, 
author={G. D. Putra and A. R. Pratama and A. Lazovik and M. Aiello}, 
booktitle={2017 IEEE 7th Annual Computing and Communication Workshop and Conference (CCWC)}, 
title={Comparison of energy consumption in Wi-Fi and bluetooth communication in a Smart Building}, 
year={2017}, 
pages={1-6}, 
keywords={Bluetooth;buildings (structures);energy conservation;telecommunication power management;wireless LAN;Bluetooth communication;Bluetooth low energy;Wi-Fi;energy consumption;energy saving;smart building;Batteries;Bluetooth;Buildings;Energy consumption;IEEE 802.11 Standard;Mobile handsets;Servers}, 
doi={10.1109/CCWC.2017.7868425}, 
month={Jan},}

@inproceedings{zhao2005parma,
  title={PARMA: A PHY/MAC aware routing metric for ad-hoc wireless networks with multi-rate radios},
  author={Zhao, Suli and Wu, Zhibin and Acharya, Arup and Raychaudhuri, Dipankar},
  booktitle={World of Wireless Mobile and Multimedia Networks, 2005. WoWMoM 2005. Sixth IEEE International Symposium on a},
  pages={286--292},
  year={2005},
  organization={IEEE}
}

@article{zimmerman2004self,
  title={Self-discharge losses in lithium-ion cells},
  author={Zimmerman, Albert H},
  journal={IEEE Aerospace and Electronic Systems Magazine},
  volume={19},
  number={2},
  pages={19--24},
  year={2004},
  publisher={IEEE}
}

@article{oliveira2009influence,
  title={The influence of broadcast traffic on IEEE 802.11 DCF networks},
  author={Oliveira, Rodolfo and Bernardo, Luis and Pinto, Paulo},
  journal={Computer communications},
  volume={32},
  number={2},
  pages={439--452},
  year={2009},
  publisher={Elsevier}
}

@inproceedings{petajajarvi2015coverage,
  title={On the coverage of LPWANs: range evaluation and channel attenuation model for LoRa technology},
  author={Petajajarvi, Juha and Mikhaylov, Konstantin and Roivainen, Antti and Hanninen, Tuomo and Pettissalo, Marko},
  booktitle={ITS Telecommunications (ITST), 2015 14th International Conference on},
  pages={55--59},
  year={2015},
  organization={IEEE}
}


@misc{loraalliance,
url={https://lora-alliance.org/},
title={LoRa Alliance},
note={Accessed: 2018-06-07}
}

@inproceedings{bor2016lora,
  title={Do LoRa low-power wide-area networks scale?},
  author={Bor, Martin C and Roedig, Utz and Voigt, Thiemo and Alonso, Juan M},
  booktitle={Proceedings of the 19th ACM International Conference on Modeling, Analysis and Simulation of Wireless and Mobile Systems},
  pages={59--67},
  year={2016},
  organization={ACM}
}

@article{chen1993design,
  title={The design and evaluation of RAID 5 and parity striping disk array architectures},
  author={Chen, SZ and Towsley, Don},
  journal={Journal of Parallel and Distributed Computing},
  volume={17},
  number={1-2},
  pages={58--74},
  year={1993},
  publisher={Elsevier}
}

@misc{johnson1998raid,
  title={Raid-5 parity generation and data reconstruction},
  author={Johnson, Timothy J},
  year={1998},
  month=sep # "~8",
  publisher={Google Patents},
  note={US Patent 5,805,788}
}

@misc{sniaraid5,
title={Common RAID Disk Data Format Specification, Version 2.0 Revision 19},
author={Storage Networking Industry Association},
year={2009},
url={https://www.snia.org/sites/default/files/SNIA_DDF_Technical_Position_v2.0.pdf},
note={Accessed: 2018-06-07}
}

@misc{geosatlatency,
title={Geostationary satellite latency and time delay ms},
author={Satellite Signals},
year={2016},
url={http://www.satsig.net/latency.htm},
note={Accessed: 2018-06-20}
}

@article{bhat2014delivering,
  title={Delivering low latency video using TCP with network coding over wireless network},
  author={Bhat, Gokul and McNair, Janise},
  journal={International Journal of Computer Applications},
  volume={87},
  number={15},
  year={2014},
  publisher={Foundation of Computer Science}
}

@inproceedings{magli2009overview,
  title={An overview of network coding for multimedia streaming},
  author={Magli, Enrico and Frossard, Pascal},
  booktitle={Multimedia and Expo, 2009. ICME 2009. IEEE International Conference on},
  pages={1488--1491},
  year={2009},
  organization={IEEE}
}

@article{ahlswede2000network,
  title={Network information flow},
  author={Ahlswede, Rudolf and Cai, Ning and Li, S-YR and Yeung, Raymond W},
  journal={IEEE Transactions on information theory},
  volume={46},
  number={4},
  pages={1204--1216},
  year={2000},
  publisher={IEEE}
}

@article{moorhouse2002detailed,
  title={Detailed definitions and guidance for application of technology readiness levels},
  author={Moorhouse, David J},
  journal={Journal of Aircraft},
  volume={39},
  number={1},
  pages={190--192},
  year={2002}
}


@article{magnaye2010system,
  title={System development planning using readiness levels in a cost of development minimization model},
  author={Magnaye, Romulo B and Sauser, Brian J and Ramirez-Marquez, Jose E},
  journal={Systems Engineering},
  volume={13},
  number={4},
  pages={311--323},
  year={2010},
  publisher={Wiley Online Library}
}

@article{mankins2009technology,
  title={Technology readiness and risk assessments: A new approach},
  author={Mankins, John C},
  journal={Acta Astronautica},
  volume={65},
  number={9-10},
  pages={1208--1215},
  year={2009},
  publisher={Elsevier}
}

@inproceedings{al2017scalable,
  title={Scalable telecommunications over ultra-low-bandwidth radio backbones},
  author={Al-Nuaimi, Ghassan and Challans, Romana and Lloyd, Matthew and Lakeman, Jeremy and Wallace, Angus and Gardner-Stephen, Paul},
  booktitle={Global Humanitarian Technology Conference (GHTC), 2017 IEEE},
  pages={1--8},
  year={2017},
  organization={IEEE}
}

@inproceedings{lieser2017architecture,
  title={Architecture for Responsive Emergency Communications Networks},
  author={Lieser, Patrick and Alvarez, Flor and Gardner-Stephen, Paul and Hollick, Matthias and Boehnstedt, Doreen},
  booktitle={Global Humanitarian Technology Conference (GHTC). IEEE},
  year={2017}
}

@INPROCEEDINGS{647048,
author={L. M. Davis and I. B. Collings and R. J. Evans},
booktitle={Proceedings of ICICS, 1997 International Conference on Information, Communications and Signal Processing. Theme: Trends in Information Systems Engineering and Wireless Multimedia Communications (Cat.},
title={Estimation of LEO satellite channels},
year={1997},
volume={1},
number={},
pages={15-19 vol.1},
keywords={FIR filters;autoregressive processes;delay lines;digital radio;error analysis;mobile satellite communication;prediction theory;recursive estimation;recursive filters;time-varying channels;Doppler;LEO satellite channel;auto-regressive model;channel estimation;coupled filter;delay;low Earth orbit satellite digital communications;performance;recursive prediction error;tapped-delay-line filter;time evolution;time-varying complex coefficients;Delay;Fading;Finite impulse response filter;Intersymbol interference;Low earth orbit satellites;Parameter estimation;Rayleigh channels;Recursive estimation;Satellite communication;Shadow mapping},
doi={10.1109/ICICS.1997.647048},
ISSN={},
month={Sep},}

@ARTICLE{601747,
author={B. Sklar},
journal={IEEE Communications Magazine},
title={Rayleigh fading channels in mobile digital communication systems .I. Characterization},
year={1997},
volume={35},
number={7},
pages={90-100},
keywords={Rayleigh channels;UHF radio propagation;cellular radio;digital radio;fading;land mobile radio;personal communication networks;tropospheric electromagnetic wave propagation;3 to 30 MHz;300 MHz to 3 GHz;HF band;Rayleigh fading;Rayleigh fading channels;SHF band;UHF band;cellular communication systems;degradation;fading effects;frequency bands;high frequency band;ionospheric channels;ionospheric communications;mobile digital communication systems;mobile radio system;over the horizon communications;personal communication systems;superhigh frequency;tropospheric channels;tropospheric scatter;ultrahigh frequency;Degradation;Digital communication;Electromagnetic scattering;Fading;Frequency;Land mobile radio;Large-scale systems;Mobile communication;Personal communication networks;Radio transmitters;Rayleigh channels;Rayleigh scattering;Receivers;Surface waves},
doi={10.1109/35.601747},
ISSN={0163-6804},
month={Jul},}

@ARTICLE{913150,
author={A. Abdi and C. Tepedelenlioglu and M. Kaveh and G. Giannakis},
journal={IEEE Communications Letters},
title={On the estimation of the K parameter for the Rice fading distribution},
year={2001},
volume={5},
number={3},
pages={92-94},
keywords={Monte Carlo methods;Rician channels;correlation methods;multipath channels;parameter estimation;K parameter estimation;LOS path;Monte Carlo simulation;Rice fading distribution;asymptotic analysis;asymptotically efficient estimators;computational simplicity;envelope samples;estimator performance;fading correlation;fourth moment;line-of-sight path;moment-based estimators;narrowband multipath fading channels;real-world applications;second moment;statistical efficiency;statistical performance;Degradation;Differential equations;Fading;Frequency;Nakagami distribution;Nonlinear equations;Parameter estimation;Performance analysis;Sampling methods},
doi={10.1109/4234.913150},
ISSN={1089-7798},
month={March},}

@incollection{mehmood2010characterisation,
  title={Characterisation and Channel Modelling for Mobile Satellite Communication Systems},
  author={Mehmood, Asad and Mohammed, Abbas},
  booktitle={Satellite Communications},
  year={2010},
  publisher={InTech}
}

@article{loo1991computer,
  title={Computer models for fading channels with applications to digital transmission},
  author={Loo, Chun and Secord, Norman},
  journal={IEEE Transactions on Vehicular Technology},
  volume={40},
  number={4},
  pages={700--707},
  year={1991},
  publisher={IEEE}
}

@article{biglieri1984high,
  title={High-level modulation and coding for nonlinear satellite channels},
  author={Biglieri, Ezio},
  journal={IEEE Transactions on Communications},
  volume={32},
  number={5},
  pages={616--626},
  year={1984},
  publisher={IEEE}
}

@misc{simon1990trellis,
  title={Trellis coded modulation for transmission over fading mobile satellite channel},
  author={Simon, Marvin K and Divasalar, Dariush},
  year={1990},
  month=jul # "~31",
  publisher={Google Patents},
  note={US Patent 4,945,549}
}

@article{hagenauer1987forward,
  title={Forward error correction coding for fading compensation in mobile satellite channels},
  author={Hagenauer, Joachim and Lutz, Erich},
  journal={IEEE Journal on Selected Areas in Communications},
  volume={5},
  number={2},
  pages={215--225},
  year={1987},
  publisher={IEEE}
}

@article{barbulescu1995rate,
  title={Rate compatible turbo codes},
  author={Barbulescu, Adrien Sorin and Pietrobon, SS},
  journal={Electronics letters},
  volume={31},
  number={7},
  pages={535--536},
  year={1995},
  publisher={IET}
}

@misc{wilcoxson2000concatenated,
  title={Concatenated coding system for satellite communications},
  author={Wilcoxson, Donald C and Kchao, Chamroeun and Perahia, Eldad},
  year={2000},
  month=oct # "~24",
  publisher={Google Patents},
  note={US Patent 6,138,261}
}

@article{de2006performance,
  title={Performance analysis of turbo-coded APSK modulations over nonlinear satellite channels},
  author={De Gaudenzi, Riccardo and i Fabregas, A Guillen and Martinez, Alfonso},
  journal={IEEE transactions on wireless communications},
  volume={5},
  number={9},
  pages={2396--2407},
  year={2006},
  publisher={IEEE}
}


@article{lay20102009,
  title={The 2009 Samoa--Tonga great earthquake triggered doublet},
  author={Lay, Thorne and Ammon, Charles J and Kanamori, Hiroo and Rivera, Luis and Koper, Keith D and Hutko, Alexander R},
  journal={Nature},
  volume={466},
  number={7309},
  pages={964},
  year={2010},
  publisher={Nature Publishing Group}
}

@misc{weirdpost,
url={http://www.bbc.com/news/uk-england-london-42272052},
author={Tim Stokes},
year={2017},
title={The strangest things sent in the post},
note={Accessed: 2018-06-20}
}

@article{carpenter2011adaptation,
  title={Adaptation of RFC 1149 for IPv6},
  author={Carpenter, Brian and Hinden, Robert},
  year={2011}
}

@article{waitzman1999ip,
  title={IP over avian carriers with quality of service},
  year={1999}
}


@techreport{rfc1149,
  author={Waitzman, David},
   TITLE = "{IP Datagrams on Avian Carriers}",
   HOWPUBLISHED = {Internet Requests for Comments},
   TYPE="{RFC}",
   NUMBER=1149,
   PAGES = {1-2},
   YEAR = {1990},
   MONTH = {April},
   PUBLISHER = "{RFC Editor}",
   INSTITUTION = "{RFC Editor}",
   URL={https://www.rfc-editor.org/rfc/rfc1149.txt}
   }

@techreport{rfc2549,
  author={Waitzman, David},
   TITLE = "{IP Datagrams on Avian Carriers}",
   HOWPUBLISHED = {Internet Requests for Comments},
   TYPE="{RFC}",
   NUMBER=2549,
   PAGES = {1-4},
   YEAR = {1999},
   MONTH = {April},
   PUBLISHER = "{RFC Editor}",
   INSTITUTION = "{RFC Editor}",
   URL={https://www.rfc-editor.org/rfc/rfc2549.txt}
   }

@misc{rfc1149demo,
  author={Bergen Linux User's Group},
  year={2001},
  url={https://www.blug.linux.no/rfc1149/writeup/},
  title={The informal report from the RFC 1149 event},
  note={Accessed: 2018-06-20}
}

@techreport{rfc5050,
  author={Scott, K. and Burleigh, S.},
   TITLE = "{Bundle Protocol Specification}",
   HOWPUBLISHED = {Internet Requests for Comments},
   TYPE="{RFC}",
   NUMBER=5050,
   PAGES = {1-50},
   YEAR = {2007},
   MONTH = {April},
   PUBLISHER = "{RFC Editor}",
   INSTITUTION = "{RFC Editor}",
   URL={https://www.rfc-editor.org/rfc/rfc5050.txt}
   }

@inproceedings{gardner2013serval,
  title={The serval mesh: A platform for resilient communications in disaster \& crisis},
  author={Gardner-Stephen, Paul and Challans, Romana and Lakeman, Jeremy and Bettison, Andrew and Gardner-Stephen, Dione and Lloyd, Matthew},
  booktitle={Global Humanitarian Technology Conference (GHTC), 2013 IEEE},
  pages={162--166},
  year={2013},
  organization={IEEE}
}

@article{gardner2011serval,
  title={The serval project: Practical wireless ad-hoc mobile telecommunications},
  author={Gardner-Stephen, Paul},
  journal={Flinders University, Adelaide, South Australia, Tech. Rep},
  year={2011}
}

@inproceedings{baumgartner2016experimental,
  title={An experimental evaluation of delay-tolerant networking with Serval},
  author={Baumg{\"a}rtner, Lars and Gardner-Stephen, Paul and Graubner, Pablo and Lakeman, Jeremy and H{\"o}chst, Jonas and Lampe, Patrick and Schmidt, Nils and Schulz, Stefan and Sterz, Artur and Freisleben, Bernd},
  booktitle={Global Humanitarian Technology Conference (GHTC), 2016},
  pages={70--79},
  year={2016},
  organization={IEEE}
}

@article{tsiridis2016adding,
  title={Adding An Unusual Transport To The Serval Project},
  author={Tsiridis, Alexandros and Hill, Joseph and Gardner-Stephen, Paul},
  year={2016}
}

@inproceedings{sterz2017dtn,
  title={DTN-RPC: Remote procedure calls for disruption-tolerant networking},
  author={Sterz, Artur and Baumg{\"a}rtner, Lars and Mogk, Ragnar and Mezini, Mira and Freisleben, Bernd},
  booktitle={IFIP Networking Conference (IFIP Networking) and Workshops, 2017},
  pages={1--9},
  year={2017},
  organization={IEEE}
}

@inproceedings{gardner2017piloting,
  title={Piloting the serval mesh and serval mesh extender 2.0 in vanuatu: Preliminary results},
  author={Gardner-Stephen, Paul and Farouque, Salma and Lloyd, Matthew and Bate, Andrew and Cullen, Alexis},
  booktitle={Global Humanitarian Technology Conference (GHTC), 2017 IEEE},
  pages={1--10},
  year={2017},
  organization={IEEE}
}

@article{gurevich1985long,
  title={Long distance propagation of HF radio waves},
  author={Gurevich, Aleksandr Viktorovich and Tsodilina, EE},
  journal={Springer Verlag Springer Series on Physics Chemistry Space},
  volume={12},
  year={1985}
}

@INPROCEEDINGS{8239288,
author={K. Hawtin and P. Gardner-Stephen},
booktitle={2017 IEEE Global Humanitarian Technology Conference (GHTC)},
title={Self-configuring heterogeneous HF/UHF/Wi-Fi disaster communications networks},
year={2017},
volume={},
number={},
pages={1-10},
keywords={ad hoc networks;disasters;electronic messaging;mobile radio;open systems;radio links;wireless LAN;Barrett HF radios;Codan radio;HF radio systems;Pacific nations;Serval Mesh;UN World Food Programme;Wi-Fi communications;ad-hoc wireless communications systems;communications services;cross-vendor interoperability;heterogeneous HF/UHF/Wi-Fi disaster communications networks;heterogeneous radio links;humanitarian field operations;long-range directional Wi-Fi links;mass-production consumer markets;open wireless communications channel;two-way secure text messaging;Australia;Bluetooth;Electronic messaging;Smart phones;Software;Telecommunications;Wireless fidelity},
doi={10.1109/GHTC.2017.8239288},
ISSN={},
month={Oct},}

@article{roller2001telecommunications,
  title={Telecommunications infrastructure and economic development: A simultaneous approach},
  author={Roller, Lars-Hendrik and Waverman, Leonard},
  journal={American economic review},
  volume={91},
  number={4},
  pages={909--923},
  year={2001}
}

@inproceedings{nelson2011evolution,
  title={The evolution of hastily formed networks for disaster response: technologies, case studies, and future trends},
  author={Nelson, Catherine Blackadar and Steckler, Brian D and Stamberger, Jeannie A},
  booktitle={Global Humanitarian Technology Conference (GHTC), 2011 IEEE},
  pages={467--475},
  year={2011},
  organization={IEEE}
}

@article{burgess1999short,
  title={Short-haul communications using NVIS HF radio},
  author={Burgess, SJ and Evans, NE},
  journal={Electronics \& communication engineering journal},
  volume={11},
  number={2},
  pages={95--104},
  year={1999},
  publisher={IET}
}

@inproceedings{johnson1995hf,
  title={Hf radio in the international information infrastructure},
  author={Johnson, Eric E},
  booktitle={Nordic Shortwave Conference, HF95, Faro, Sweden},
  year={1995},
  organization={Citeseer}
}

@book{maslin1987hf,
  title={HF communications},
  author={Maslin, Nicholas},
  year={1987},
  publisher={Pitman London}
}

@book{carr2000secrets,
  title={Secrets of RF circuit design},
  author={Carr, Joseph},
  year={2000},
  publisher={McGraw-Hill, Inc.}
}

@article{chen2010hf,
  title={HF radio-frequency interference mitigation},
  author={Chen, Gang and Zhao, Zhengyu and Zhu, Guoqiang and Huang, Yujie and Li, Ting},
  journal={IEEE Geoscience and Remote Sensing Letters},
  volume={7},
  number={3},
  pages={479--482},
  year={2010},
  publisher={IEEE}
}

@article{lundborg1986standing,
  title={Standing wave pattern of HF radio waves in the ionospheric reflection region: 2. Applications},
  author={Lundborg, Bengt and Thid{\'e}, Bo},
  journal={Radio Science},
  volume={21},
  number={3},
  pages={486--500},
  year={1986},
  publisher={American Geophysical Union (AGU)}
}

@article{coleman1998ray,
  title={A ray tracing formulation and its application to some problems in over-the-horizon radar},
  author={Coleman, CJ},
  journal={Radio Science},
  volume={33},
  number={4},
  pages={1187--1197},
  year={1998},
  publisher={American Geophysical Union (AGU)}
}

@article{fleischman1994pragmatics,
  title={From pragmatics to grammar: Diachronic reflections on complex pasts and futures in romance},
  author={Fleischman, Suzanne},
  journal={Studies in Second Language Acquisition},
  volume={16},
  number={04},
  pages={441--461},
  year={1994}
}

